2624 5182
49 372 58 393 ἱ

148 865 151 869 ‚
269 792 272 797 ·
324 782 845 849 insarrnAMrurMau.
1067 810 1110 879 ²9

58 894 99 948 lib.
109 894 158 958 tx,
167 914 193 945 r.
205 892 275 961 617:
290 914 301 936 ι
311 893 408 944 Orare
417 889 556 961 Ptryqim
569 906 655 959 neque
668 891 737 941 enim
748 888 894 962 Phryges-
910 921 944 932 -
956 893 1109 949 hbeoaem.

58 974 172 1026 DeAttio
181 971 319 1031 Lubeom,
330 981 357 1019 et
366 969 457 1038 inepta
468 968 575 1017 Homeri
585 967 705 1017 versione
714 985 793 1037 quam
804 966 939 1036 ediderat,
948 985 1042 1041 praeter
1052 977 1112 1026 Per-

59 1054 87 1104 sii
104 1065 128 1103 et
145 1050 245 1102 vetusti
268 1044 418 1099 scholiasta
436 1046 601 1110 testimonis,
621 1043 684 1095 nihil
701 1042 833 1097 habemus
849 1063 1024 1118 compertum.
1045 1051 1111 1103 Vide

58 1131 120 1182 infra
128 1149 153 1181 r.
167 1127 202 1179 50
212 1124 335 1195 ejusdem
346 1125 440 1175 satire.
454 1153 490 1161 —
503 1124 603 1196 Nuqoe,
614 1122 641 1173 id
652 1137 704 1187 est,
715 1122 781 1175 nihil
791 1123 843 1177 hoc
856 1127 919 1196 agit.
934 1128 1008 1200 Saepe
1017 1133 1111 1202 saepius

58 1230 102 1263 ror
113 1211 214 1262 usitata
228 1209 256 1258 in
269 1223 393 1258 sermone
402 1202 501 1267 latino,
514 1217 544 1253 ut
558 1205 585 1253 in
599 1203 713 1273 gallico:
730 1192 879 1276 boqateiie's.

88 1319 155 1370 sor.
168 1315 193 1368 5.
203 1313 312 1377 Noa,si
318 1311 385 1385 quid
390 1311 491 1362 turbida
498 1311 591 1360 Roma.
599 1339 635 1348 -
645 1310 758 1362 Turbida
766 1313 863 1378 Roma,
874 1311 901 1364 id
910 1329 962 1379 est,
971 1315 1049 1368 turba
1057 1319 1111 1370 Ro—

59 1412 193 1448 manorum
207 1393 304 1445 animis
316 1393 344 1441 in
356 1389 457 1441 diversa
471 1388 669 1441 distractorum.
683 1391 725 1442 Sic
738 1395 809 1445 enim
823 1395 850 1442 in
864 1412 959 1463 magne
969 1395 1036 1448 urbe
1049 1400 1112 1450 vivi·

59 1491 105 1542 rur,
114 1489 143 1527 ut
151 1475 179 1526 in
188 1471 286 1536 turba,
297 1474 324 1521 iu
335 1489 388 1542 que
400 1469 522 1521 homines
535 1489 562 1522 sc
575 1483 668 1521 mutuo
679 1469 790 1523 trudunt
800 1472 1003 1544 impelluntque.
1014 1477 1112 1548 Sapius

59 1555 88 1608 de
100 1555 178 1608 urbis
193 1551 373 1605 incommodis
385 1565 534 1623 queruntur
547 1553 646 1603 satirici
658 1550 747 1614 latini,
760 1550 873 1604 devitiis
885 1552 1004 1607 historici
1020 1556 1112 1629 philo·

60 1635 194 1708 sophique.
207 1631 277 1683 Vide
288 1629 403 1683 Plinium
416 1627 581 1693 Secundum,
593 1627 639 1679 lib.
651 1630 690 1694 ll,
701 1631 784 1701 Epist.
799 1629 833 1681 ad
845 1631 995 1683 Calvisium.

88 1741 154 1791 Nor.
175 1738 203 1790 6.
220 1733 330 1799 Ederet,
340 1732 462 1794 accedam·
471 1752 612 1785 examenue
625 1733 768 1805 improbum
780 1736 807 1785 in
819 1734 867 1786 illa
882 1738 992 1812 Castiqes
1003 1742 1110 1795 trutina.

61 1849 89 1859 —
101 1819 195 1872 Sermo
210 1816 378 1887 allegoricus.
391 1817 450 1866 llaec
463 1817 533 1865 enirn
547 1816 635 1865 omnia
648 1814 681 1866 ab
697 1828 752 1866 arte
765 1814 931 1868 stathmetica
944 1822 1026 1888 petita
1040 1836 1110 1873 sunt.

61 1896 179 1962 Eleuore,
189 1897 301 1967 proprie
311 1892 393 1945 levius
406 1893 506 1958 lacere,
517 1892 726 1964 parvipendere.
738 1895 858 1945 Examen
869 1908 909 1946 est
923 1894 1021 1966 lingula
1032 1917 1112 1970 super

61 1993 135 2047 scapo
145 1986 246 2026 erecta.
260 1975 317 2024 Hae
329 1985 424 2023 neutro
436 1970 581 2022 inclinante
595 1984 622 2022 et
635 1970 685 2023 sub
696 1990 760 2023 ansa
775 1972 883 2038 latente,
899 1988 945 2025 aut
957 1975 1025 2027 iutra
1038 1979 1112 2029 truti-

10 2090 12 2125 ;
62 2076 115 2107 mar
127 2070 272 2119 manente,
283 2052 420 2126 equalitas
428 2070 514 2104 rerum
523 2070 666 2124 pensarum
675 2053 832 2106 ostenditur.
843 2054 919 2107 Unde
926 2057 999 2126 Virg.
1008 2057 1109 2109 AEneid.

10 2166 12 2177 .
61 2134 177 2200 mxii,
194 2154 220 2185 v.
237 2132 305 2202 725:

257 2222 752 2280 luppiteripseduasaequntoesumr'aelances

258 2292 360 2334 Sustinet

63 2371 168 2422 Trutiaa
178 2371 303 2421 foramen
315 2380 356 2418 est
367 2369 434 2419 intra
445 2364 519 2438 quod
530 2369 610 2438 vergit
621 2367 720 2437 lingula
731 2380 776 2419 aut
786 2386 904 2421 examen.
919 2371 1061 2446 Castigare,
1072 2375 1111 2424 uti

61 2467 127 2503 retus
143 2453 336 2521 interpretatur
359 2446 531 2512 scholiastes,
551 2464 590 2500 est
609 2447 691 2518 digito
705 2448 800 2500 libram
814 2465 952 2520 percutere
967 2467 996 2503 ut
1010 2466 1111 2524 tempe-

62 2546 136 2594 retur,
149 2546 177 2583 et
189 2550 246 2600 prae
256 2531 400 2598 agitatione
412 2541 473 2598 post
485 2546 589 2598 aequum
604 2531 784 2599 conquiescat.
798 2529 958 2583 Sententiam
973 2536 1053 2602 igitur
1064 2554 1112 2604 per

61 2612 257 2664 similitudinem
268 2611 370 2660 Persius
381 2611 522 2678 expressit:
537 2611 562 2659 si
576 2609 639 2678 quid
649 2611 725 2659 turba
739 2613 834 2661 civium
845 2615 919 2681 parvi
933 2617 1111 2681 animaverit,

61 2713 88 2743 ne
100 2694 245 2744 accesseris
261 2689 294 2740 ad
310 2691 367 2758 ejus
382 2690 553 2753 seutentiam,
565 2707 652 2760 nequo
671 2693 810 2740 tentaveris
830 2710 941 2760 pravum
957 2693 1021 2742 illud
1037 2695 1111 2762 judi-

60 2774 122 2822 cium
134 2772 285 2839 corrigere,
296 2786 419 2830 examen,
428 2766 500 2838 quod
509 2780 650 2817 estuatura
662 2786 708 2818 sua
718 2768 868 2838 improbum
878 2785 959 2842 atquc
968 2774 993 2822 in
1007 2793 1110 2844 :equum

59 2852 139 2903 redire
150 2872 207 2903 non
220 2862 323 2922 potest,
333 2849 488 2919 castigando
502 2849 528 2897 in
541 2850 639 2899 trutina
651 2850 846 2913 Romanorum
860 2852 911 2902 alio
920 2852 1000 2903 modo
1011 2876 1016 2903 :
1028 2874 1069 2906 res
1078 2875 1110 2905 ne

58 2931 224 3002 perpendere
232 2928 394 2999 aggrediaris
402 2926 522 2979 lancibus
530 2929 636 2998 iniquis,
645 2929 741 2999 quibus
750 2932 833 2980 utitur
841 2932 1110 3005 popululereqnen-

58 3016 105 3064 tior
116 3025 157 3064 est
171 3009 247 3083 apud
260 3022 354 3080 poetas
366 3006 446 3058 ducta
459 3007 503 3060 illa
516 3026 531 3058 a
543 3006 665 3060 lancibus
678 3009 842 3080 metaphora.

88 3122 158 3171 Nor.
175 3118 201 3168 6.
214 3117 270 3167 Nee
279 3117 539 3187 tequoesiverisextra.
554 3145 585 3154 -
600 3114 732 3166 Mollierat
741 3119 797 3185 ejus
808 3120 941 3168 sententiar
951 3117 1109 3188 rigiditatem

58 3200 183 3251 Horatius
198 3219 205 3247 ι
229 3220 240 3240 e
252 3197 312 3246 Non
333 3196 389 3245 aliis
406 3193 440 3245 de
460 3208 485 3245 te
499 3195 559 3266 plus
574 3213 653 3264 quam
666 3195 715 3245 tibi
729 3195 829 3246 credas.
840 3221 851 3241 n
873 3196 989 3247 Stoicum
1008 3197 1109 3251 redolet

58 3284 137 3350 magis
151 3280 234 3330 Persii
248 3296 348 3327 versus.
362 3276 469 3344 Legitur
480 3278 506 3326 iu
518 3275 742 3347 Pythagoreorum
755 3279 841 3328 aureis
854 3278 1012 3330 carminibus
1026 3301 1031 3328 :
1048 3279 1109 3333 mir-

57 3381 98 3409 πη
107 3362 137 3409 dr
145 3355 246 3421 μάλιστ’
256 3354 364 3420 αἰσχύνη
374 3357 472 3417 osirim
483 3370 563 3425 atque
573 3358 599 3405 iu
609 3359 754 3406 stoicorum
766 3356 837 3407 libris
845 3377 912 3428 sape
922 3360 1015 3429 sepius
1025 3380 1109 3411 recur-

58 3443 87 3490 rit
99 3439 196 3491 eadem
208 3440 346 3490 sententia.
359 3436 425 3491 Vide
437 3436 609 3489 Enclriridion
620 3440 732 3510 Epicteti
743 3451 768 3488 et
780 3441 924 3491 stoicorum
939 3441 1042 3511 scripta.

85 3608 149 3651 Vsu.
168 3605 191 3650 8.
203 3606 263 3649 Nam
273 3607 350 3649 Romo
359 3607 410 3668 quis
420 3619 464 3647 aon
473 3619 499 3649 ac
511 3607 532 3648 si
534 3603 576 3666 fos
586 3605 658 3649 dicere
668 3605 708 3649 sed
713 3604 762 3666 siis.
776 3630 807 3638 -
817 3605 870 3650 liae
881 3615 933 3649 sunt
944 3620 996 3666 quar
1008 3603 1108 3650 habeant

58 3675 163 3738 plerique
174 3676 240 3719 MSS.
255 3675 359 3728 codices,
370 3675 413 3718 nisi
426 3672 490 3734 quod
501 3682 526 3717 ut
536 3690 579 3734 pro
589 3691 615 3718 or
626 3674 739 3718 interdum
750 3674 887 3733 reperiatur.
899 3672 935 3716 Ah
947 3677 1060 3719 correctio
1074 3677 1107 3721 vi·

57 3747 125 3791 detur
132 3762 183 3792 esse
192 3747 343 3806 interpretum
353 3744 511 3794 editorumve.
521 3745 573 3804 qui,
584 3759 656 3805 quum
666 3745 742 3787 omnia
754 3744 804 3802 ejus
811 3758 892 3787 versus
900 3742 968 3787 rerba
980 3746 1057 3789 Persio
1067 3746 1108 3790 tri·

57 3818 145 3872 boant,
156 3821 282 3880 minusque
291 3818 413 3862 conveniat
422 3832 448 3861 uc
458 3815 488 3860 ad
497 3832 589 3861 sensum
598 3832 667 3879 quem
678 3829 815 3878 sequuntur,
829 3816 852 3859 in
860 3816 909 3874 ejus
919 3815 995 3859 locum
1007 3832 1107 3877 posuere

57 3892 99 3945 aa,
111 3894 195 3952 sicque
207 3888 312 3951 legerunt
324 3890 388 3935 huuc
398 3904 505 3934 versum:
518 3891 578 3933 Nom
592 3891 667 3933 Romae
676 3892 727 3951 quis
739 3906 782 3932 non
789 3890 828 3932 Ρ...
840 3886 883 3941 alr,
892 3892 913 3932 si
916 3888 958 3950 fiis
968 3890 1041 3934 ‹liccre
1048 3893 1057 3933 !
1068 3892 1109 3935 seri

57 3963 104 4021 fos,
115 3976 161 4009 ete.
173 3964 231 4022 Qut
241 3962 337 4024 quidem
347 3961 416 4007 lectio
424 3977 472 4005 uon
481 3963 560 4021 inepta
571 3972 617 4015 est,
630 3962 732 4022 quamvis
742 3959 771 4003 ah
781 3961 884 4004 siminus
894 3962 1001 4005 usitatum
1010 3964 1038 4006 sit
1049 3977 1106 4022 pro:

58 4052 70 4078 o
81 4040 107 4079 si.
120 4040 151 4080 At
158 4051 216 4080 vero
226 4050 273 4079 non
284 4045 318 4078 est
327 4032 392 4095 quod
402 4033 528 4095 quidquam
541 4034 688 4078 immutemus
696 4032 772 4077 verbis
779 4047 830 4095 quae
840 4033 990 4091 reperiuntur
998 4033 1020 4075 in
1030 4033 1105 4087 MSS,

59 4107 75 4149 si
85 4105 157 4151 modo
167 4121 261 4151 sensum
270 4104 371 4149 habeant
379 4105 534 4165 probandum.
547 4103 639 4150 llehent
647 4117 736 4157 autem,
746 4104 785 4148 ubi
793 4103 823 4147 ad
830 4118 894 4148 suam
903 4118 1023 4163 ,terronam
1035 4118 1106 4146 uuum

59 4176 168 4237 quodque
179 4175 277 4221 verlium
289 4175 401 4229 refertur,
413 4188 481 4236 atquc
492 4176 515 4218 in
526 4174 589 4219 huuc
603 4175 699 4219 modum
712 4174 861 4235 distinguitur
874 4190 879 4218 ι
896 4175 955 4216 Num
968 4173 1045 4216 Romo
1055 4175 1106 4234 quis

60 4264 114 4293 ut.
123 4282 129 4290 .
138 4250 160 4293 ..²
172 4273 205 4284 -
220 4251 255 4293 Ac
265 4247 331 4310 sifus
342 4249 440 4292 dicere..
450 4248 513 4291 .?-
524 4247 571 4291 Sed
572 4246 626 4309 fis,
638 4260 681 4293 etr.
692 4248 736 4306 Qui
747 4246 852 4306 dialogus
863 4260 937 4305 noque
947 4243 1058 4289 latinitate
1067 4259 1106 4288 ca·

60 4334 105 4376 ret,
120 4337 198 4383 neque
208 4324 314 4366 veritate.
331 4322 466 4366 Sermonem
482 4322 594 4381 arripiens
611 4333 709 4382 uterquc
724 4319 867 4364 adversarius
883 4332 963 4362 roccm
977 4316 1106 4362 adversario

62 4395 202 4454 praeludere
216 4407 324 4440 conatur.

93 4492 157 4541 Nor.
173 4495 196 4545 8.
209 4495 278 4544 Nom
288 4495 380 4543 Romo
388 4495 442 4560 φάς
451 4496 531 4543 norff.
542 4533 560 4541 ..
574 4523 609 4532 --
621 4495 659 4544 Ac
668 4495 737 4563 sifus
747 4492 841 4543 dicere.
851 4531 855 4538 .
865 4492 889 4538 ,Ρ
901 4521 934 4529 -
947 4489 998 4541 Sed
1004 4491 1057 4559 βας.
1071 4520 1105 4529 -α
