2588 5176
161 884 200 950 16
471 886 509 948 t.
536 884 694 949 PERSll
720 886 888 952 FLACCl

154 1011 337 1087 Auriculis,
351 1009 473 1105 quibus
486 1027 520 1077 et
531 1009 622 1079 dicas
634 1027 711 1079 cute
722 1012 893 1105 perditu9‚
906 1014 996 1082 ohe?

153 1130 286 1212 -Quo
298 1122 470 1206 didicisse,
483 1125 548 1190 nisi
561 1122 625 1190 boc
637 1123 857 1207 fermentum,
868 1142 903 1193 et
912 1150 989 1220 quae
998 1126 1101 1194 semel
1111 1129 1173 1197 int·

153 1240 276 1305 lunata
287 1248 353 1316 est,
367 1250 467 1326 rupto
476 1230 589 1324 jecore
601 1236 719 1302 exierit
730 1234 929 1327 caprificus?

151 1349 261 1413 -En
273 1341 382 1437 pallor
394 1344 608 1437 seniumque!
621 1368 642 1409 o
653 1351 779 1410 mores!
794 1343 1043 1439 usqueadeone

151 1458 242 1526 Scire
254 1472 350 1522 tuum
362 1451 445 1520 nihil
458 1469 525 1533 est,
538 1455 602 1519 nisi
614 1469 647 1519 te
659 1455 744 1519 scire
758 1453 822 1521 hoc
834 1455 916 1521 sciat
927 1453 1034 1523 alter?

150 1606 198 1618 —
210 1574 251 1634 At
262 1563 445 1659 pulchrum
456 1580 508 1631 est
519 1562 624 1655 digito
637 1569 833 1645 monstrari,
846 1583 880 1633 et
891 1564 1012 1650 dicier,
1025 1566 1081 1635 bic
1092 1575 1173 1636 est!

151 1675 233 1746 Ten*
246 1679 446 1744 cirratorum
458 1685 595 1743 cent'um
607 1675 730 1744 dictata
742 1677 846 1744 fuisse

150 1792 215 1855 Pro
228 1785 333 1854 nihilo
344 1784 508 1878 pendasi.
518 1837 543 1852 ..
558 1827 603 1837 —
615 1790 701 1854 Ecce
713 1790 803 1855 inter
813 1787 936 1881 pocula
948 1808 1107 1882 quaerunt

150 1896 337 1966 Romulidae
349 1899 470 1979 saturi,
481 1896 562 1991 quid
574 1896 629 1965 dia
639 1915 797 1990 poemata
808 1915 957 1968 narrent.

149 2011 213 2077 Hic
224 2007 361 2103 aliquis,
374 2011 429 2075 cui
441 2010 568 2075 circum
580 2008 739 2077 humeros
752 2008 973 2102 hyacinthina
983 2009 1070 2079 laena
1082 2026 1166 2092 est,

149 2119 374 2188 Rancidulum
385 2117 548 2212 quiddam
562 2118 662 2187 balba
673 2117 715 2187 de
728 2144 809 2188 nare
819 2118 970 2204 locutus,

148 2230 335 2325 Phyllidas,
348 2228 569 2323 Hypsipylas‚
583 2247 698 2298 vatum
711 2249 745 2299 et
754 2230 919 2325 plorabile
930 2235 958 2300 si
971 2232 1071 2328 quid,

148 2342 299 2439 Eliquat,
311 2360 346 2410 et
357 2359 474 2410 tenero
486 2340 682 2434 supplantat
693 2343 795 2410 verba
805 2341 928 2436 palato.

147 2462 329 2523 Assensere
340 2457 421 2535 viri3
436 2478 527 2520 nunc
540 2476 608 2520 non
621 2456 705 2520 cinis
718 2452 774 2521 ille
786 2472 895 2546 poetae

148 2565 259 2633 Felix?
270 2587 340 2631 non
352 2563 457 2632 levior
468 2566 588 2656 cippus
601 2588 694 2634 nunc
705 2568 869 2658 imprimit
879 2570 979 2634 ossa?

146 2745 218 2785 ratis
228 2725 377 2784 intercute
386 2724 530 2807 superbia
537 2721 637 2783 dicere
646 2726 780 2804 cogaris,
791 2724 865 2801 obe,
875 2726 997 2786 satiseet
1004 2723 1173 2787 laodamia

145 2824 229 2884 Mon.
249 2823 331 2901 Quid
348 2836 450 2882 autem
461 2819 551 2903 juvat
564 2821 740 2882 doctrinam
754 2825 954 2904 conquirere,
973 2827 1034 2884 nisi
1052 2822 1173 2886 doctrint

146 2918 199 2980 illa
212 2921 295 2981 intus
308 2933 456 3001 concepta
471 2931 613 3002 erumpat
625 2918 765 3001 disrupto
779 2919 898 3002 jecore,
916 2923 1132 3004 perveniatque
1145 2934 1173 2978 at

145 3015 236 3093 alios,
250 3032 283 3076 ut
295 3014 481 3077 fermentum
493 3017 579 3097 quod
592 3017 752 3092 exuberat,
765 3032 801 3076 ut
812 3016 889 3078 ficus
900 3018 1026 3095 sterilis,
1038 3040 1120 3100 quae,
1133 3016 1173 3076 ub

144 3114 237 3176 semel
248 3116 356 3175 innata
367 3129 410 3175 est
423 3117 503 3176 iutra
516 3117 662 3197 parietes,
673 3116 729 3175 sibi
740 3117 824 3176 viam
834 3119 948 3199 aperit,
957 3119 1080 3200 exitque
1091 3117 1128 3179 ad
1136 3137 1171 3177 au

145 3234 202 3273 ras.
215 3247 254 3260 -
267 3215 355 3272 Pras.
375 3214 422 3272 En
441 3215 536 3293 igitur
554 3233 612 3273 cur
636 3213 723 3273 libris
744 3213 947 3296 impallescis?
964 3216 998 3274 in
1016 3214 1079 3276 boc
1098 3215 1173 3296 igitur

143 3310 350 3371 consenuisti?
367 3332 387 3370 o
400 3313 489 3394 pravi
503 3313 619 3372 mores!
637 3314 742 3396 Usque
753 3313 871 3373 adeone
882 3313 1025 3374 doctrina
1037 3327 1093 3374 tua
1106 3311 1173 3375 nulli

144 3409 238 3487 foret,
247 3411 305 3469 nisi
314 3408 366 3469 alii
374 3413 485 3470 scirent
492 3408 572 3471 banc
580 3432 642 3471 esse
650 3409 1054 3472 inadoctrinamt-ttos.
1062 3411 1173 3473 Atenin

143 3506 312 3589 gloriosum
334 3524 396 3583 est,
421 3510 445 3567 si
464 3523 494 3568 te
512 3508 611 3589 digito
628 3508 789 3589 designent
810 3522 1025 3582 transeuntes,
1044 3520 1081 3567 ut
1097 3509 1173 3568 utun

141 3626 225 3685 quem
236 3629 247 3679 ,-
267 3606 291 3664 si
308 3605 412 3665 dicant
429 3605 467 3664 de
480 3618 527 3681 te,
546 3604 597 3664 bic
612 3604 664 3664 ille
675 3619 728 3665 est.
740 3606 824 3664 Num
839 3619 874 3663 tu
885 3602 978 3663 nibili
989 3623 1053 3663 esse
1064 3616 1173 3685 putass

141 3706 251 3788 scripta
262 3721 315 3765 tua
325 3705 465 3764 dictitent
476 3708 510 3764 in
522 3703 635 3765 scholis
644 3705 783 3786 magistri
795 3703 940 3786 plurimis
948 3701 1110 3762 nobilibus
1120 3701 1173 3762 ado

141 3800 382 3862 lescetttibusi...
393 3838 430 3847 —
442 3804 530 3865 Pnas.
541 3804 618 3864 Ecce
627 3805 725 3863 nostri
736 3823 877 3885 proceres
884 3801 1173 3882 saturirogantinte

140 3900 252 3983 pocula
262 3899 339 3980 quid
348 3916 520 3961 memorent
528 3902 650 3983 egregia
659 3902 797 3961 carmina
807 3899 1014 3982 poetarum,i.
1023 3919 1052 3957 e.
1062 3899 1173 3959 reciten

139 4001 404 4084 turrogant.'l'um
411 4002 614 4060 convivarum
621 3999 734 4079 aliquis
740 3995 1173 4059 coenatoriamollivcsteindu

138 4113 187 4160 tus
196 4097 694 4172 colorisriolaoei,balbutiens,et
701 4095 972 4180 praefatiunculam
979 4095 1086 4155 nescio
1093 4114 1173 4176 quau

138 4197 279 4282 putidam
288 4196 475 4281 praemissam
486 4197 658 4256 recitationi
668 4195 789 4256 locutus
798 4216 815 4255 e
824 4192 1022 4268 naso,clara,
1031 4207 1173 4274 quantun

136 4295 394 4380 salet,etliquida
401 4316 476 4356 soce
483 4299 588 4356 recitat
595 4294 831 4377 Phyllidas,aut
839 4291 1044 4375 Hypsipyles,
1052 4288 1173 4351 autalia

136 4395 288 4476 quaslibet
304 4395 491 4478 lacrymosas
506 4408 667 4477 poctarum
684 4393 830 4474 elegeias‚
848 4406 878 4451 et
897 4391 978 4450 inter
988 4387 1173 4449 recitanduu

136 4493 230 4554 rerba
247 4494 347 4555 mollit
366 4493 543 4576 frangitque
560 4493 664 4576 palato
684 4492 793 4551 leniter
809 4488 941 4549 illidens.
962 4486 1105 4546 Probent
1119 4484 1173 4545 hae

136 4610 250 4666 niagno
262 4613 412 4652 consensu
424 4590 591 4652 auditores.
609 4593 686 4669 Age,
700 4609 806 4648 nonne
821 4600 868 4647 est
883 4599 977 4667 poeta
991 4581 1081 4658 felix,
1098 4594 1173 4664 post
