2588 5176
246 483 427 550 SATIRAE
450 482 617 546 PRlMAE
639 479 875 545 ANALYSIS.
1048 481 1085 546 ι3

73 606 167 668 etillud
183 606 370 669 recitationis
391 626 488 687 genus
498 651 507 680 ‚
534 605 642 664 llomae
661 617 736 664 tuuc
756 605 907 686 temporis
927 604 1088 664 usitatissi-

71 718 148 781 mum,
166 706 272 765 festive
295 703 457 778 describit,
479 703 529 777 13,
550 703 597 762 23.
618 736 658 748 -
683 701 767 778 Quid
787 703 884 783 igitur
899 699 989 783 juvat
1009 701 1089 762 didi·

69 801 131 879 cisse,
148 805 255 887 objicit
273 805 377 864 Persio
397 801 602 876 adversarius,
621 803 645 861 si
661 798 805 861 reticeas?
822 799 876 881 sd,
895 802 942 861 26.
961 835 1002 846 -
1016 802 1088 862 Non

68 901 94 960 ed
109 905 339 965 ostentationem
355 901 560 977 studendum,
583 900 676 961 refert
695 914 810 977 noster,
829 914 859 960 et
881 900 963 961 valet
983 921 1038 983 per
1058 922 1088 962 se

67 997 193 1078 doctrina,
205 1023 259 1083 27,
270 1004 318 1062 28.
331 1036 370 1047 —
383 1003 420 1061 At
429 1002 513 1062 enim
523 999 695 1081 gloriosum
705 1013 749 1060 est
757 1001 791 1059 in
802 1021 855 1059 ore
863 1001 975 1060 versari
987 998 1089 1061 bomi-

66 1118 132 1178 num,
145 1104 178 1162 in
189 1100 304 1162 scholis
315 1101 494 1161 tractari...
507 1133 548 1148 -
560 1114 590 1160 et
602 1098 724 1159 laudari
739 1120 756 1158 a
771 1100 881 1159 saturis
893 1096 1076 1160 bominibus

65 1195 231 1272 titPersius3
249 1195 323 1257 binc
340 1196 482 1257 videlicet
499 1197 558 1256 erit
569 1211 659 1278 poeta
679 1193 751 1255 felix
769 1208 800 1255 et
817 1195 1011 1255 immortalis.
1028 1197 1088 1257 llic

64 1296 230 1356 recitationes
249 1295 391 1377 depingit
408 1308 438 1354 et
458 1293 621 1375 ridetque
639 1295 673 1353 in
694 1292 826 1353 divitum
845 1307 1089 1375 magnatumque

64 1397 188 1456 conviviis
199 1395 488 1476 frequentabantur,
502 1395 555 1468 28,
567 1389 616 1468 40.
630 1428 669 1440 -
681 1392 800 1453 Jocaris
811 1406 841 1453 et
853 1393 969 1452 nimius
979 1414 1024 1467 es,
1039 1392 1088 1452 di·

63 1504 96 1549 et
106 1491 149 1552 ille
158 1489 238 1551 mibi
250 1492 429 1574 propositus
438 1488 645 1563 adversarium
662 1490 731 1570 quis
745 1504 789 1548 est
802 1490 886 1548 enim
899 1490 952 1570 qui
966 1488 1047 1549 nolit
1057 1509 1088 1549 se

11 1596 15 1677 ἱ
64 1584 112 1648 fieri
122 1611 172 1671 per
185 1591 298 1672 scripta
315 1586 544 1649 immortalem?
555 1587 609 1664 do,
621 1587 670 1663 43.
683 1623 722 1633 -
736 1588 807 1647 Non
820 1608 877 1668 ego
890 1588 915 1646 si
927 1585 1004 1668 quid
1015 1607 1088 1669 pos-

11 1706 13 1711 ·
65 1686 264 1749 inlaudabile
275 1689 420 1762 scribere,
445 1687 605 1770 respondit
618 1703 723 1768 poeta,
735 1685 856 1746 laudari
869 1699 1022 1758 metuam3
1037 1685 1088 1745 sed

66 1783 123 1846 nibil
139 1788 177 1848 ad
195 1808 301 1848 veram
321 1787 454 1868 gloriam
467 1787 633 1847 conferunt
650 1785 756 1846 laudes
772 1785 875 1867 turpia
892 1784 1088 1859 mirantium,

65 1877 104 1956 ld,
116 1885 156 1945 53.
168 1921 207 1930 -
219 1885 319 1962 Quid,
337 1885 424 1966 quod
443 1899 601 1967 magnates
618 1883 760 1944 venalem
779 1881 954 1943 auditorem
970 1880 1089 1941 condu-

65 1994 121 2040 runt
130 1997 206 2044 veste
218 1997 272 2043 aut
287 1981 443 2064 prandio?
460 1984 488 2042 0
500 2004 654 2066 proceres,
669 1980 834 2054 exclamat,
846 1981 964 2041 noscite
975 2000 1047 2057 vos,
1059 1994 1090 2040 et

31 2144 33 2151 s
65 2080 188 2139 rareteab
196 2080 448 2140 assentatoribus.
456 2079 601 2157 Qureritis
609 2079 685 2160 quid
693 2079 857 2160 descriptis
866 2078 1090 2138 vestrissentiat

26 2154 31 2169 ἰ
65 2173 194 2254 populus?
204 2175 330 2235 Fallunt
341 2196 412 2251 vos,
428 2177 481 2256 qui
497 2190 625 2235 narrant
639 2174 793 2258 populum
805 2176 911 2234 mirari
923 2195 1028 2236 versus
1040 2174 1089 2235 vel

65 2264 154 2333 fractos
169 2288 198 2334 et
217 2277 345 2349 inertes,
362 2273 409 2333 vel
426 2274 584 2355 turgidos,
602 2289 656 2333 aut
672 2275 737 2355 ipse
752 2272 871 2333 fallitur
890 2272 1043 2355 populus,
1062 2273 1088 2332 si

66 2368 180 2447 miratur,
191 2374 245 2446 53,
259 2374 308 2432 68.
323 2374 463 2432 -Nunc
475 2371 695 2432 adolescentuli
712 2393 731 2430 a
747 2368 923 2430 scholarum
937 2369 1089 2431 declama·

66 2462 179 2528 tionibus
196 2468 236 2529 ad
255 2489 411 2528 summum
428 2466 576 2549 quodque
593 2487 722 2548 poeseos
739 2487 836 2548 genus
855 2468 917 2527 cito
934 2480 1088 2528 transcur-
1212 2538 1216 2543 Ι

67 2567 195 2646 runt,69‚
210 2568 259 2646 75.
276 2568 416 2627 -Nunc
431 2567 563 2648 pessima
578 2585 710 2646 quaeque
724 2564 908 2647 aequalium,
923 2580 953 2625 et
965 2565 1088 2627 desueta

67 2672 176 2724 'summ
187 2685 282 2747 opera
291 2666 445 2724 mirantur
452 2664 556 2725 stolidi
566 2680 721 2747 parentes,
731 2678 976 2747 proponuntque
986 2667 1089 2747 pueris

66 2753 129 2818 velus
137 2762 336 2844 exemplaria,
347 2765 400 2843 76,
412 2766 461 2824 80.
472 2797 511 2809 -
523 2764 605 2823 Hinc
617 2765 769 2823 orationis
780 2762 957 2846 corruptela
969 2765 1088 2825 invecta
1107 2820 1112 2835 ,

65 2866 110 2927 rst3
119 2855 187 2920 binc
199 2861 325 2943 ineptiae
338 2862 496 2936 oratorie,
509 2881 577 2941 quae
590 2862 624 2920 in
636 2860 753 2921 deliciis
770 2859 937 2936 habentur,
949 2880 1027 2941 quas
1041 2882 1089 2921 re·

65 2953 170 3028 quinmt
182 2958 326 3040 patroni,
338 2957 484 3039 neglectis
495 2957 655 3018 clientium
673 2960 736 3018 vita
751 2973 783 3017 et
798 2958 950 3035 fortunis,
969 2960 1023 3034 80,
1038 2980 1087 3040 9¹·

59 3053 212 3114 --Atvero
225 3053 384 3136 politiores
393 3067 423 3113 et
435 3055 605 3115 ornatiores
619 3070 691 3115 sunt
702 3054 869 3136 aequalium
879 3077 983 3117 versus
994 3078 1088 3138 quam

62 3147 191 3222 priorum.
211 3152 282 3211 Hoc
297 3152 389 3211 variis
403 3150 590 3233 famosisque
604 3152 721 3212 ridetur
734 3152 889 3235 exemplis.
905 3152 976 3230 Quo
992 3153 1088 3233 facto,

57 3237 191 3320 judicium
201 3249 240 3310 de
252 3249 339 3309 omni
356 3252 562 3311 recentiorum
573 3253 723 3333 scriptura
735 3272 825 3312 suum
838 3254 936 3335 aperit
951 3256 1088 3331 Persius,

58 3361 100 3422 92,
115 3349 178 3410 106.

84 3446 339 3509 llicedversarius
348 3470 414 3510 non
421 3449 658 3512 benesehabere
667 3452 773 3512 llomoe
783 3451 911 3529 litteras,
923 3467 1089 3520 etcensurs

53 3538 153 3624 dignos
169 3566 236 3606 esse
253 3548 415 3629 scriptores
427 3549 475 3609 vel
494 3551 602 3610 tacitus
619 3548 741 3611 fatetur.
758 3551 926 3614 Contendit
942 3575 1016 3615 vero
1035 3578 1088 3638 pe·

50 3640 174 3702 ticulum
199 3664 263 3704 esse
283 3645 408 3705 satiram
432 3647 653 3723 scribentibus,
683 3669 755 3732 107,
781 3669 845 3709 tro.
864 3683 904 3697 -
920 3651 1089 3735 Respondit

50 3736 179 3802 Persius:
202 3757 231 3801 ι·
244 3763 299 3825 per
314 3745 465 3818 ironiam,
477 3767 569 3827 ergo,
583 3748 699 3828 inquit,
712 3748 820 3807 omnis
831 3749 929 3830 probe
941 3764 1047 3826 erunt,
1059 3765 1093 3813 et
1117 3775 1129 3809 s

48 3839 199 3915 miranda,
216 3855 246 3901 et
261 3862 357 3903 sscrs.
376 3844 409 3902 2⁰
425 3847 483 3904 Per
500 3845 639 3928 exempla
657 3845 769 3906 Lucilii
786 3847 988 3928 Horatiique3
999 3846 1089 3912 liceat

47 3933 120 3995 mibi
138 3935 222 3997 idem
238 3938 325 4018 quod
342 3939 418 4015 illis,
439 3962 511 4017 rto,
531 3963 650 4021 119.—
664 3944 813 4020 Minime,
828 3965 891 4025 rip
907 3978 944 3992 -
957 3946 1089 4010 Atrates

47 4034 129 4112 quasi
137 4037 293 4118 propositi
302 4038 414 4116 victor,
423 4040 564 4123 jurisque
573 4043 620 4102 sui
630 4040 742 4118 factus,
750 4044 1014 4125 etsescripturum
1022 4047 1088 4130 pol·

47 4125 165 4208 licetur,
173 4147 205 4194 et
215 4134 257 4194 sd
267 4137 394 4198 murem
405 4152 496 4199 vocat
501 4139 651 4218 lectores,
662 4140 769 4224 quales
779 4140 853 4202 velit
864 4140 977 4206 babere
988 4143 1089 4230 pbilo-

48 4226 157 4310 tophus
170 4233 262 4293 etvir
271 4234 404 4316 probus,
418 4256 490 4312 tao,
506 4235 570 4314 sss„
