2588 5176
222 613 492 724 VARlAE
533 611 988 727 LECTIONES

475 870 546 944 ET
573 867 728 946 NOTAE

415 1088 465 1151 IN
495 1085 789 1153 PROLOGUM.

546 1314 650 1333 ..Μ

105 1536 129 1615 ,⁹¹
144 1534 257 1596 Ριοιωο,
279 1507 315 1593 P
316 1554 435 1594 scottus
449 1538 538 1612 aliquo
553 1539 671 1591 carmine
685 1536 793 1611 reliquis
806 1541 953 1611 praeludere
964 1545 1124 1598 carminibus

100 1623 144 1671 ΡΜ
155 1637 205 1675 ante
220 1625 337 1675 Persium
351 1635 408 1673 erat
420 1622 554 1672 usitatum.
569 1622 623 1688 Qui
637 1637 695 1671 mos
709 1639 724 1670 u
739 1622 847 1672 comicis
861 1621 896 1673 ad
908 1636 1017 1676 eeteros
1031 1640 1124 1697 poetas

100 1681 155 1773 l⁰¹¹t
162 1716 314 1774 pervaserat.
329 1699 448 1752 Proeludit
459 1699 560 1751 fabulis
570 1697 692 1751 Phaedrus
707 1698 834 1771 prologo;
850 1715 930 1772 atque
942 1701 1013 1755 haue
1027 1706 1124 1776 prela·

97 1770 200 1833 ”oucule
216 1784 360 1846 rationem,
372 1792 457 1851 poete
468 1791 494 1831 et
503 1776 614 1829 Phaedro
630 1792 655 1829 et
670 1780 758 1830 Persio
771 1782 946 1846 recentiores,
961 1785 1124 1856 sepesepius

92 1855 284 1933 numeremus,
300 1864 472 1934 inprimisque
487 1859 609 1912 adhibuit
627 1859 667 1911 Cl.
684 1859 855 1913 Claudianus.
880 1863 978 1916 Noster
995 1885 1057 1917 vero
1075 1885 1125 1918 eur

86 1920 211 1997 'trilicis'
221 1945 386 2016 potissimum
397 1942 514 1994 versibus
524 1944 645 2013 sequenti
655 1941 807 1995 hexametro
818 1943 977 2014 proluserit,
987 1945 1124 2020 disputare

81 1999 161 2074 f‘²rne
171 2036 209 2075 est
221 2039 461 2095 supervacaneum,
474 2039 556 2091 quum
567 2039 641 2072 mens
654 2033 740 2092 poete
750 2020 830 2073 nullis
839 2023 866 2073 iu
878 2021 930 2075 hoe
942 2040 1050 2096 regetur
1059 2024 1124 2097 legi·

103 2112 145 2168 tu,
154 2106 201 2157 nisi
209 2104 312 2174 judicio
325 2121 384 2154 suo.
395 2103 523 2154 &terum
532 2100 659 2172 prologus
669 2103 807 2154 satirarum
817 2102 869 2154 hoc
879 2124 957 2158 versu
969 2107 1049 2159 scribi
1061 2111 1124 2161 setis

71 2162 179 2249 deruit,
193 2203 273 2255 quem
287 2185 313 2234 in
329 2181 448 2253 proloqis
463 2183 516 2232 suis
533 2182 628 2233 comici
642 2180 830 2253 sequebantur,
843 2187 920 2253 eujus
934 2204 996 2238 vero
1012 2188 1062 2239 fuir
1079 2189 1122 2238 iu·

66 2255 177 2329 *teuton
190 2264 233 2317 ille
250 2266 389 2317 satirarum
407 2264 533 2335 scriptor,
550 2260 593 2312 vel
608 2264 749 2333 princeps,
762 2261 803 2314 vel
820 2277 890 2315 certe
906 2265 1123 2321 mordacissimus

62 2332 259 2397 Ambitochus.

107 2427 169 2478 Non
177 2424 319 2478 defuerunt
327 2425 432 2498 quibos
441 2443 530 2476 versus
539 2424 645 2497 prologi
654 2424 688 2475 ad
698 2426 804 2476 satiram
812 2426 923 2496 primam
931 2426 1065 2497 pertinere
1072 2443 1121 2476 au·

58 2503 212 2558 (timerent.
221 2505 309 2573 Quem
317 2505 353 2556 ob
361 2523 469 2557 oausam
476 2505 504 2555 in
512 2502 687 2575 quorumdam
697 2502 857 2555 editionibus
866 2506 983 2557 invenias
993 2503 1053 2557 illos
1059 2522 1121 2557 cum

57 2585 243 2659 ⁸equentihus
257 2585 416 2638 hexametris
428 2585 606 2636 continuatos.
621 2585 689 2637 Saue
701 2585 727 2635 in
740 2585 845 2647 satirico
858 2585 974 2637 Petronii
986 2598 1120 2636 scazontes

54 2646 228 2717 hexametris
238 2667 393 2738 prepositos
403 2678 429 2717 et
436 2663 598 2717 cohaerentes
606 2665 720 2735 reperire
728 2676 775 2719 est
785 2664 869 2715 lmmo
877 2682 940 2716 vero
948 2678 1003 2717 tots
1012 2663 1120 2717 alterius

56 2749 174 2814 (generis
189 2747 268 2798 satim
281 2744 348 2798 nihil
358 2745 430 2797 aliud
444 2759 517 2809 erat,
527 2763 607 2817 quam
621 2747 731 2796 mistura
743 2744 862 2816 quiedam
877 2746 1024 2797 carminum
1033 2744 1120 2797 modis

56 2824 233 2880 diversorum
249 2846 312 2878 curn
331 2826 416 2880 soluta
431 2829 560 2879 oratioue.
575 2825 642 2879 Vide
655 2824 843 2893 Cssauhouum
860 2825 893 2877 de
907 2827 1017 2879 satirica
1028 2826 1120 2892 Poesi,

56 2896 112 2958 lib.
130 2909 162 2958 ll.
176 2908 275 2959 Verum
290 2909 401 2960 istorum
412 2926 501 2960 errare
515 2910 675 2977 seutentiam
689 2921 715 2959 et
728 2923 770 2959 res
785 2907 842 2979 ipsa
855 2921 959 2973 monet,
972 2919 999 2958 et
1014 2905 1119 2978 prologi

59 2986 175 3054 titulus,
188 3000 214 3039 et
228 2987 386 3040 membranas
400 3003 514 3053 veteres,
530 3007 595 3059 quas
605 2987 716 3041 vidimus
729 2986 863 3058 plurimas.

101 3071 162 3121 lam
181 3088 244 3122 vero
263 3068 326 3141 quid
343 3072 370 3121 in
389 3069 442 3122 hoc
458 3069 600 3123 scribendo
619 3069 733 3140 proloqu
752 3067 804 3121 sibi
823 3069 994 3140 proposuerit
1015 3067 1118 3120 Persius

63 3150 156 3204 multis
168 3151 254 3203 modis
262 3153 401 3222 quesitum
411 3166 465 3217 est,
475 3165 501 3205 et
513 3152 696 3204 diversissimis
708 3151 869 3222 explicatum
879 3149 1035 3203 rationibus.
1043 3150 1118 3218 Qua·

64 3250 125 3283 rum
139 3235 285 3303 precipuas
297 3250 353 3283 non
369 3251 479 3303 possum
493 3252 548 3285 non
565 3234 673 3285 referre.
687 3233 739 3284 Alii
752 3231 860 3304 quidem
875 3246 997 3295 censent,
1007 3244 1117 3285 auctore

65 3311 240 3364 celeberrimo
252 3312 340 3381 Anqlo
354 3312 476 3383 Dryden‚
493 3315 573 3367 Persii
588 3327 701 3365 mentem
719 3314 817 3374 fuisse,
830 3325 859 3364 ut
871 3330 968 3364 nomen
983 3310 1117 3364 conditio·

67 3411 182 3464 nemque
189 3394 333 3444 niernum
344 3411 392 3463 per
404 3392 546 3464 prologum
555 3393 746 3457 dissimularet,
756 3394 858 3464 quippe
868 3394 915 3465 qui
924 3405 1045 3464 tempora
1054 3409 1124 3444 naus

68 3484 109 3523 tus
121 3486 190 3525 esset
200 3472 297 3524 infesta
306 3472 384 3526 bonis
396 3473 496 3525 ertibus
509 3475 667 3526 severitati:
681 3473 744 3526 hinc
758 3491 786 3526 se
798 3472 895 3525 slixisse
903 3472 1116 3544 semimortuus,

70 3571 148 3622 quoin
155 3565 226 3605 esset
233 3551 351 3605 moribus
362 3567 386 3606 et
396 3554 503 3623 iugenio
512 3553 634 3624 politium
644 3553 707 3605 hine
715 3553 820 3606 sefeme
828 3571 906 3603 usum
914 3569 972 3604 esse
979 3550 1115 3623 maqittrs,

71 3647 147 3699 quum
160 3629 257 3682 divitiis
275 3630 432 3685 abundaret.
447 3632 499 3684 tlii
514 3651 590 3699 vero,
604 3634 673 3685 iuter
687 3650 756 3704 quos
770 3633 868 3684 eminet
881 3643 971 3682 noster
985 3627 1113 3682 casaubo-

100 3897 389 3960 ¹nnsrcmquoeaau
397 3899 566 3960 asurim
611 3888 1114 3961 mantoloma‘hnuuomuse

72 3957 565 4031 bmnoeeooemusstnttmnqmtn
611 3965 1113 4028 dirasenirniusestopedequiuouestitm·

74 4037 246 4103 &tragicorum
254 4037 432 4085 commove.
441 4038 485 4084 llic
491 4054 564 4099 pecu·
609 4039 667 4096 bos,
678 4051 705 4085 ut
716 4040 741 4085 in
751 4038 851 4084 iambico
859 4034 977 4098 μάθω,
986 4031 1028 4081 ¹0¹¹
1036 4048 1111 4097 W·

74 4094 563 4172 litsisessgeueris‚vmsuqnescmn,s
610 4100 1110 4169 ιιυ.νω.ι.ο.8α13ς.ιοοι11,ςοιιι.
