2588 5176
147 902 194 971 ,36
322 899 478 963 VARIAE
500 896 772 964 LECTIONES
796 899 857 962 ET
880 898 1017 964 NOTAE

185 1030 252 1081 Nor.
263 1027 303 1078 28.
311 1024 349 1076 At
352 1022 493 1096 pulchrum
503 1031 540 1073 est
547 1022 628 1095 diqito
637 1025 789 1089 monstrari,
799 1036 825 1075 et
831 1023 928 1076 dicier.-
937 1024 982 1085 bic
990 1030 1180 1085 esti-Tuetu

150 1130 178 1165 se
188 1109 268 1160 Persii
277 1105 439 1158 adversarius
451 1105 585 1153 communi
594 1121 683 1155 amore
694 1102 787 1155 laudis.
802 1133 838 1142 —
851 1106 993 1157 Motrstrari
1002 1106 1101 1181 diqito,
1109 1127 1180 1180 grec

148 1184 403 1241 amalasuntam..
417 1182 482 1249 Quae
494 1179 595 1231 locutio
604 1178 675 1252 apud
687 1198 736 1232 nos
747 1178 862 1233 dedecus
874 1182 1007 1252 designet,
1019 1184 1112 1237 cadem
1123 1206 1180 1261 spu.

147 1270 270 1340 antiquos
283 1262 375 1316 laudes
390 1274 416 1312 et
434 1260 524 1311 decus.
547 1259 613 1311 Plin.
630 1260 714 1331 Epist.
733 1261 811 1325 xxl,
832 1260 876 1313 lib.
894 1263 925 1326 6,
946 1262 1058 1333 loquens
1079 1265 1113 1318 de
1136 1272 1180 1321 Vir

145 1350 217 1421 ginio
229 1347 363 1404 Romano,
374 1338 440 1390 dicit
450 1356 525 1403 eum,
537 1356 645 1409 operum
659 1338 782 1390 varietate
793 1339 995 1391 monstrabilem.
1007 1371 1041 1381 -
1051 1343 1088 1394 Et
1096 1344 1177 1398 dicier

147 1427 191 1479 bic
200 1438 249 1477 est.
263 1419 436 1491 Frequentior
453 1415 496 1466 illa
515 1414 588 1486 apud
603 1415 701 1466 latinos
717 1414 838 1467 locutio:
862 1417 905 1468 bic
925 1416 971 1469 ille
988 1431 1031 1472 est.
1049 1423 1125 1476 Hauc
1144 1445 1180 1495 pe

145 1512 221 1578 rigna
238 1504 313 1554 famae
330 1499 420 1572 posuit
435 1497 545 1548 Persius.
562 1490 637 1551 odrae
654 1494 736 1551 irritas
747 1498 856 1549 Lucian.
869 1497 959 1550 Somu.
972 1512 1035 1551 tom.
1050 1502 1077 1568 l,
1089 1520 1151 1577 cap.
1166 1524 1180 1557 2

145 1584 188 1638 ed.
199 1584 268 1636 Reiz.
288 1579 366 1631 Cous.
382 1576 464 1629 Cicer.
475 1572 585 1627 Tuscul.
602 1573 647 1625 lib.
661 1574 692 1623 V.

175 1762 236 1808 Van.
249 1774 287 1821 ²9·
302 1756 357 1804 Ten'
364 1759 499 1803 cirratorum
508 1761 597 1799 cennos
608 1751 774 1816 dictaldfiflw
785 1752 830 1799 pm
840 1750 909 1799 ’ΜΟ
916 1755 1019 1817 dem?
1030 1781 1062 1793 “”
1072 1759 1156 1807 Ul'lm
1168 1777 1180 1807 ⁰

144 1831 216 1878 mbr
223 1831 281 1884 sint,
289 1826 442 1874 moriturisne
450 1858 457 1880 ,
465 1839 494 1868 au
502 1824 587 1878 Persii,
595 1837 643 1868 non
650 1824 705 1868 satis
711 1821 785 1884 liquet
792 1838 835 1883 per
841 1823 913 1883 ipsam
922 1826 1064 1882 orationem
1076 1844 1156 1892 neque
1166 1848 1179 1877 a

143 1904 191 1951 boc
200 1901 328 1966 quidquam
337 1910 371 1946 est
380 1898 437 1944 lueis
446 1898 470 1942 in
480 1897 554 1942 MMS.
567 1894 696 1941 codicibus.
708 1897 823 1941 Ceterum
832 1910 870 1941 res
879 1893 942 1940 baud
951 1898 982 1941 ita
992 1902 1069 1961 magni
1079 1917 1178 1949 momen

144 1988 191 2031 2⁸¹3
206 1974 372 2034 cujummque
385 1971 447 2017 enim
462 1984 490 2014 ea
502 1967 573 2015 verba
588 1968 647 2022 sint,
662 1968 753 2014 satirica
764 1967 872 2028 profecto
888 1980 949 2014 sunt.
965 1970 1090 2033 Receptam
1104 1988 1180 2022 carten

143 2047 271 2096 &5101th
284 2044 409 2093 lectionem
424 2041 518 2097 admisi,
532 2042 584 2086 usui
596 2054 684 2086 morem
699 2053 795 2102 gereon
812 2037 953 2085 alterneto
967 2041 1062 2089 minime
1075 2044 1134 2090 mibi
1148 2046 1180 2093 dit

139 2118 238 2184 putea.

178 2226 246 2277 Nor.
261 2241 307 2293 29,
318 2224 361 2275 30.
373 2218 435 2272 Tert'
445 2221 598 2271 cirratorum
608 2225 713 2269 centum
724 2216 821 2268 dietata
827 2215 911 2287 fuisse
920 2217 972 2268 Pro
984 2218 1069 2273 nitito
1076 2228 1179 2293 pendas

144 2335 181 2348 ..
191 2303 255 2358 Ten'
265 2324 314 2376 pro
325 2315 404 2355 teme.
416 2298 551 2369 Ejusmodi
560 2297 634 2349 elisio
643 2300 699 2367 J'am
710 2316 764 2348 non
775 2296 854 2348 semel
867 2301 986 2368 superius
996 2304 1085 2371 posita
1096 2320 1146 2357 est.
1159 2337 1180 2347 -

145 2387 318 2447 ctrmtaram,
337 2396 481 2451 puerorum
499 2375 643 2442 nobilium,
662 2394 677 2427 a
696 2377 768 2429 cirris
784 2395 850 2447 quos
874 2377 1024 2430 calamistro
1046 2381 1180 2437 studiosiu

142 2461 278 2534 fingebant
289 2475 443 2528 magnorum
459 2455 599 2507 domorum
613 2453 813 2506 adolescentuli.
827 2455 940 2508 Martial.
954 2460 1028 2529 Epig.
1040 2461 1090 2527 tx,
1103 2463 1153 2529 30,
1167 2482 1180 2534 7

146 2568 158 2591 a
168 2544 265 2597 Cimta
273 2553 377 2590 caterva
385 2538 508 2606 magistri.
518 2535 776 2607 n—Dictatafut'sse,
787 2535 945 2589 lectionibus
952 2540 979 2589 in
986 2535 1051 2590 ludo
1059 2540 1178 2595 dictandi

143 2623 289 2676 inservisse.
304 2620 422 2687 Quaeres
436 2635 491 2667 non
503 2617 553 2667 nisi
564 2615 755 2688 probatissimis
770 2616 922 2669 auctoribus
935 2621 1105 2689 contingere,
1120 2625 1179 2677 ideo

145 2722 196 2775 que
206 2700 302 2752 bonosi
314 2717 370 2749 esse
382 2695 482 2748 debuit.
495 2696 589 2765 ltaque
603 2697 630 2747 in
641 2693 735 2748 sobolis
744 2696 837 2747 dictari
848 2709 893 2747 aut
902 2696 967 2766 legi,
977 2699 1110 2753 interdum
1123 2724 1180 2757 eam

143 2783 204 2835 dem
218 2784 271 2832 aim
282 2776 362 2831 babet
374 2795 405 2829 ac
417 2779 485 2828 inter
498 2776 613 2847 optimos
628 2777 737 2827 censeri.
751 2775 818 2827 llinc
830 2774 908 2840 dixit,
921 2795 969 2847 pro
982 2776 1068 2831 nibilo
1081 2783 1180 2852 pendae

144 2865 278 2915 Honorem
291 2878 352 2912 vero
364 2858 438 2911 illum
448 2856 489 2910 vel
502 2869 658 2927 corruptum
670 2854 725 2907 ludi
735 2858 917 2926 magistrorum
925 2858 1039 2927 judicio,
1053 2861 1092 2914 vel
1105 2884 1155 2936 per
1163 2885 1180 2919 ς.

145 2942 289 2994 obscurum
300 2937 400 2990 fastidit
408 2939 464 3006 jam
474 2949 534 2988 ante
545 2937 661 2987 Persium
671 2936 812 3001 Horatius,
825 2937 901 2989 Satis.
916 2938 954 3004 X,
968 2937 1015 3009 73,
1027 2938 1073 2991 lib.
1091 2959 1118 2994 1:

402 3056 418 3067 ..
426 3026 511 3079 ‚Neque
519 3036 539 3067 te
546 3035 571 3068 ut
579 3025 744 3067 mireturturbe
751 3024 848 3077 labores,

340 3091 464 3133 Contentus
471 3090 545 3145 paucis
553 3090 675 3132 lectoribus.
685 3094 716 3132 ln
724 3099 760 3131 tua
768 3091 858 3134 demens

344 3155 428 3199 Vilibus
435 3155 457 3197 in
464 3154 520 3199 ludis
527 3156 610 3199 dictari
617 3156 714 3199 carmina
722 3156 797 3200 malis!

142 3237 253 3288 Manent
262 3231 295 3284 ad
308 3230 380 3282 bunc
395 3232 473 3283 Persii
488 3229 577 3282 locum
592 3232 763 3302 interpretes,
782 3231 825 3283 hic
837 3236 909 3304 tangi
920 3237 1024 3290 occulte
1040 3240 1174 3295 Neronem

143 3317 219 3383 cujus
234 3310 362 3372 carmina,
375 3309 438 3378 quia
454 3309 613 3380 imperabat,
630 3312 656 3361 in
671 3306 767 3362 scltolis
781 3311 993 3367 celebrabantur.
1012 3319 1048 3369 At
1061 3339 1125 3374 aero
1141 3341 1180 3374 ne

143 3412 195 3465 que
206 3392 259 3443 hoc
273 3390 400 3442 exstitisse
415 3392 477 3442 satis
491 3404 609 3454 constat,
624 3410 725 3462 neque,
742 3406 772 3443 ut
785 3396 914 3446 exstitisse
926 3410 1075 3459 constaret,
1087 3401 1180 3456 idcirce

141 3476 276 3526 Neronem
290 3473 470 3542 potiusquam
487 3471 567 3522 aliurn
583 3470 726 3542 quemlibet
741 3475 813 3544 tangi
829 3474 993 3530 crediderim.
1008 3480 1041 3531 ln
1056 3482 1180 3553 plurimot

141 3556 272 3609 sententia
282 3552 385 3604 videtur
395 3554 476 3604 fuisse
484 3555 599 3623 jactata,
611 3555 649 3604 uti
659 3566 699 3605 est
712 3553 784 3625 apud
794 3557 941 3608 Horatium.

175 3684 244 3735 Nor.
254 3682 366 3749 ilo-do.
378 3685 479 3736 Horum
488 3685 605 3737 omnium
612 3686 820 3739 versuumverba
829 3688 862 3739 ab
870 3688 911 3741 bis
921 3712 926 3740 :
939 3690 1007 3742 Ecce
1014 3691 1120 3745 intera..
1130 3714 1180 3749 esst

139 3763 232 3824 Persii,
243 3780 296 3812 non
307 3764 457 3829 monitoris,
467 3778 541 3835 patet
550 3784 582 3817 ex
591 3768 650 3837 ipso
660 3785 739 3819 sensu
747 3769 792 3839 qui
804 3771 955 3821 enuntiatur
965 3783 991 3822 ct
1000 3789 1031 3821 cx
1041 3790 1072 3823 ea
1082 3776 1180 3827 ratione

140 3861 192 3915 qua
206 3844 366 3908 enuntiatur,
382 3855 437 3895 tum
449 3862 481 3896 ex
496 3862 574 3897 versu
591 3846 634 3912 40.
650 3847 707 3898 Hoc
726 3850 795 3899 enirn
811 3868 887 3902 versu
904 3869 932 3903 se
948 3849 1068 3903 locutum
1083 3857 1180 3908 esseio

137 3921 347 3995 precedentibus
360 3921 439 3975 docet
450 3936 544 3996 posta,
556 3925 619 3977 dum
632 3926 773 3979 adversarii
786 3927 964 3999 objectionem
978 3933 1120 4002 praevertit.

171 4048 239 4099 Nor.
259 4046 309 4107 30,
324 4048 366 4099 31.
384 4048 452 4099 Ecce
468 4048 537 4100 inter
550 4048 646 4120 pocula
662 4062 786 4123 qaoerunt
804 4052 951 4105 Romulida
964 4055 1046 4106 satuti
1058 4055 1127 4126 quid
1140 4058 1180 4109 dia

135 4140 257 4199 poemata
269 4137 418 4177 narrent-
431 4129 512 4189 Eam
521 4128 571 4181 hae
581 4148 646 4181 voce
656 4133 739 4182 utitur
747 4150 802 4183 non
812 4131 894 4184 semel
902 4135 1005 4185 Persius
1016 4145 1047 4184 ut
1058 4135 1180 4188 viridiore

137 4207 278 4260 locutionis
301 4207 386 4258 forma
405 4220 431 4258 et
449 4206 569 4261 breviore
588 4212 705 4263 transitu.
723 4211 783 4261 vid.
804 4213 887 4278 infra,
905 4232 927 4264 v.
950 4213 985 4284 69
1005 4213 1085 4286 hujus
1110 4218 1180 4268 satir.

138 4288 228 4339 «Ecce
236 4285 316 4338 modo
326 4286 419 4339 heroas
430 4304 571 4340 sensus...»
585 4288 643 4340 Vid.
656 4292 734 4342 etiam
746 4289 857 4342 alteram
866 4294 938 4344 satir.
951 4292 994 4345 31.
1010 4317 1022 4340 a
1031 4295 1100 4346 Ecce
1109 4297 1181 4362 avia,

136 4379 182 4418 aut
188 4381 308 4419 metuens
316 4366 405 4420 dirum
412 4380 581 4421 matertera...
591 4393 602 4416 ι
613 4398 647 4409 -
658 4369 846 4440 litterpocula,
856 4371 980 4424 solemnis
990 4372 1064 4444 apud
1073 4375 1181 4428 htinos

135 4444 235 4497 locutio
243 4464 291 4516 pro
300 4449 367 4498 iuter
374 4446 590 4518 epulandum,vel
599 4451 688 4520 potius
697 4467 747 4520 pro
755 4448 804 4501 sub
813 4451 890 4502 linem
898 4455 1019 4518 convivii,
1028 4473 1121 4525 quum,
1125 4459 1180 4526 jam

134 4528 241 4577 remotis
258 4528 368 4592 mensis,
384 4530 445 4579 sino
460 4541 486 4579 et
500 4527 761 4581 confabulationibus
773 4528 947 4598 indulgerent.
965 4562 999 4572 -
1018 4533 1181 4600 Romulidae,

134 4623 283 4671 cognomen
289 4608 469 4660 Romanorum
476 4607 621 4661 honestius.
630 4610 702 4678 Virg.
712 4609 739 4659 in
747 4607 886 4679 splendido
895 4613 963 4683 epici
973 4615 1094 4667 carminis
1102 4614 1179 4681 loco,

135 4684 358 4752 cretaeae.
