2588 5176
480 107 651 173 SATlRA
675 108 839 174 entur.
1145 123 1187 185 23

121 232 233 301 Men’
239 236 363 301 mutire
371 234 477 316 nefas,
483 258 547 302 nec
553 231 724 316 clam,nec
730 258 809 303 cum
817 236 1187 338 suobe?—Nusquam.

122 375 185 395 ·-
201 350 260 414 Hic
271 363 385 414 tamen
397 344 558 413 infodiam
569 350 576 411 ἑ
589 344 676 428 vidi,
688 346 759 416 vidi
770 352 857 441 ipse,
871 348 998 419 libelle:
1140 382 1189 421 m

128 463 317 531 Auriculas
328 465 412 530 asini
426 462 516 529 Mida
529 486 588 529 rex
599 460 710 530 habet.
723 466 795 530 Hoc
806 488 868 555 ego
880 482 1055 557 opertum,

128 572 215 642 Hoc
225 575 334 644 ridere
345 599 477 657 meum,
488 590 557 642 tam
569 572 631 656 nil,
643 573 738 643 nulla
748 575 807 643 tibi
819 574 930 644 vendo

135 680 256 755 iliade.
286 686 412 754 Audaci
427 689 633 782 quicumque
645 684 758 756 afflate
770 688 921 773 Cratino,

136 797 269 866 Iratum
284 798 483 892 Eupolidem
494 799 685 892 praegrandi
698 823 776 867 cum
789 824 870 869 sene
881 800 1003 893 palles,
1018 848 1023 865 .

138 907 285 1002 Adspice
297 927 331 979 et
342 910 431 993 haec,
446 914 472 978 si
485 912 572 979 forte
583 911 710 1006 aliquid
723 912 893 981 decoctius
905 913 1012 981 audis.
1143 928 1190 981 ns

142 1017 228 1086 lude
238 1040 396 1114 vaporata
409 1020 513 1089 lector
524 1020 607 1089 mihi
618 1022 746 1090 ferveat
757 1049 839 1090 aure
851 1050 857 1088 :

145 1129 221 1194 Non
232 1128 299 1214 hic,
313 1133 419 1226 quiin
431 1130 584 1224 crepidas
596 1135 773 1199 Graiorum
787 1132 903 1200 ludere
916 1137 1014 1225 gestit

150 1238 320 1327 Sordidus,
333 1258 365 1311 et
378 1242 472 1310 lusco
484 1245 543 1338 qui
556 1245 663 1334 possit
674 1242 802 1321 dicere,
815 1266 931 1325 tusca,

154 1348 224 1418 Sese
232 1353 379 1448 aliquem
391 1354 547 1435 credens,
562 1353 646 1421 Italo
659 1352 749 1448 quod
763 1352 891 1422 honore
904 1357 1046 1447 supinus

158 1460 291 1555 Fregen't
301 1463 454 1533 heminas
466 1469 574 1534 Arreti
586 1465 693 1534 oedilis
705 1470 856 1562 iniquas:
1142 1481 1190 1534 1³0

165 1571 218 1640 Nec
227 1577 280 1670 qui
291 1576 396 1645 abaco
408 1601 565 1645 numeros
578 1595 612 1644 et
623 1596 715 1646 secto
726 1581 762 1645 in
775 1576 915 1670 pulvere
926 1594 1033 1646 metas

166 1680 216 1750 Scit
225 1688 333 1756 risisse
344 1687 455 1771 vafer3
468 1687 614 1755 multum
628 1687 774 1780 gaudere
786 1704 941 1781 paratus,

168 1851 295 1914 roal...
321 1888 354 1901 -
382 1853 467 1913 Mon.
491 1854 650 1934 Nusquam
673 1854 797 1913 licentia
821 1852 955 1913 dabitur.
978 1888 1016 1898 -
1039 1854 1128 1914 Pena
1155 1854 1192 1912 At

168 1963 264 2011 tunam
278 1973 337 2034 ego
351 1951 444 2026 mihi;
460 1965 552 2034 atque
565 1951 616 2012 hic
631 1953 711 2012 libro
726 1973 830 2013 sensus
843 1953 1037 2014 committam
1054 1973 1191 2012 arcanos.

168 2039 309 2124 Olibelle,
328 2049 392 2108 vidi
410 2062 551 2130 egomet,
573 2048 636 2108 vidi
652 2051 736 2132 ipse:
759 2048 911 2108 auriculas
929 2049 1007 2108 asini
1027 2047 1122 2108 babet
1141 2069 1192 2108 rex

166 2135 240 2204 Mida.
263 2147 356 2206 Hunc
373 2167 431 2227 ego
450 2148 547 2205 risum
567 2147 737 2206 accuratius
760 2145 986 2206 dissimulatum
1008 2147 1193 2205 innocuum·

166 2256 224 2319 que,
243 2265 339 2327 usque
363 2244 439 2304 adeo
465 2244 605 2318 nullum,
629 2243 728 2303 nolim
749 2256 852 2304 tamen
876 2257 1066 2304 commutare
1091 2259 1190 2305 tecum

165 2345 213 2399 tota
224 2341 328 2403 Iliade.
346 2345 428 2425 Ergo
442 2343 539 2424 agite,
556 2342 682 2402 lectores
698 2340 870 2416 lectissimi,
890 2343 953 2402 sive
972 2341 1101 2401 audacia
1118 2344 1192 2402 Cra·

164 2432 207 2496 tini
225 2439 322 2500 afflati
345 2442 432 2514 estis,
455 2442 517 2500 sive
539 2440 748 2523 impallescitis
767 2440 897 2522 legendo
917 2438 1120 2521 Eupolidem,
1140 2454 1193 2500 aut

164 2539 315 2598 marimum
327 2540 486 2597 seniorum
501 2540 693 2599 comicorum
706 2537 992 2620 (Aristophanem),
1006 2535 1066 2597 huc
1078 2537 1194 2612 adeste,

162 2641 329 2696 uncorum
342 2655 467 2715 quoque
481 2656 560 2717 opus
575 2637 728 2717 respicite,
743 2636 766 2694 si
783 2635 862 2695 forte
875 2637 907 2694 in
923 2633 982 2694 hoc
997 2636 1125 2694 recurrit
1139 2634 1193 2695 ali·

160 2735 221 2810 quid
239 2734 378 2795 limatius
397 2734 631 2815 perfectiusque.
654 2734 708 2793 llle
727 2732 804 2793 mihi
825 2734 993 2815 requiritur
1009 2732 1118 2805 lector,
1138 2734 1193 2813 qui

158 2829 188 2889 sit
203 2834 328 2915 optimis
345 2831 525 2893 Graecorum
544 2833 672 2892 satiricis
690 2833 776 2913 quasi
794 2832 969 2905 instinctus,
987 2828 1074 2910 cujus
1090 2851 1194 2905 aures,

156 2946 200 3006 per
215 2930 369 3012 optimam
384 2927 565 3003 lectionem,
580 2943 719 3009 purgatae
737 2929 883 2988 ferveant.
901 2928 997 2987 lstum
1012 2948 1085 2988 vero
1104 2926 1195 2988 lecto·

155 3042 210 3084 rem
226 3045 373 3099 amoveo,
388 3027 436 3084 cui
455 3025 572 3085 insulso
584 3024 686 3107 lepida
701 3046 745 3084 res
757 3038 801 3084 est
812 3025 979 3085 Graiorum
993 3024 1120 3084 irridere
1131 3046 1193 3084 cre·

153 3124 246 3203 pidas,
263 3137 319 3184 aut
335 3123 435 3184 dicere
450 3121 573 3183 homini
590 3122 690 3198 lusco,
706 3123 807 3182 luscus
824 3144 870 3196 es;
891 3125 944 3204 qui
964 3144 1025 3184 sese
1043 3144 1195 3203 magnum

153 3221 248 3282 virum
264 3234 369 3304 putat,
387 3220 473 3302 quod
492 3219 704 3279 humillimum
720 3240 833 3279 munus
849 3222 880 3279 in
892 3221 1055 3301 provincia
1068 3220 1195 3294 obierit,

154 3321 229 3382 unde
243 3319 433 3401 superbiret3
454 3318 538 3400 quod
554 3320 667 3393 Arreti,
689 3317 840 3400 oppidulo
855 3318 967 3394 ltaliae,
985 3316 1121 3399 jusserit,
1136 3337 1194 3397 pro
1225 3326 1233 3347 ¹

154 3437 201 3477 sua
213 3416 313 3479 aedilis
326 3428 488 3498 potestate,
503 3415 606 3497 frangi
619 3429 648 3477 et
657 3415 775 3476 aboleri
787 3437 944 3476 mensuras
952 3414 1036 3496 justo
1049 3414 1194 3474 minores.

154 3514 253 3596 Neque
267 3513 366 3574 alium
384 3514 475 3573 istum
492 3511 615 3589 malim,
637 3515 686 3573 cui
703 3513 780 3574 adeo
799 3513 946 3574 callidum
961 3526 1006 3572 est
1020 3510 1195 3591 ingenium,

155 3627 185 3671 ut
199 3632 346 3672 numeros
367 3611 463 3672 abaco
484 3612 663 3693 inscriptos,
682 3624 736 3670 aut
757 3610 854 3670 lineas
873 3610 979 3669 ductas
1000 3609 1032 3667 in
1054 3604 1195 3688 pulvere,

156 3731 192 3770 res
201 3733 253 3793 per
262 3733 292 3771 se
304 3722 333 3771 et
346 3709 460 3785 doctas,
472 3724 500 3770 et
509 3709 666 3792 simplices,
681 3709 807 3770 irrideat
820 3710 884 3769 risu
898 3708 1022 3786 inepto;
1038 3705 1109 3787 qui,
1129 3724 1195 3765 ma·

157 3826 243 3886 gnam
256 3808 330 3869 inde
344 3809 492 3890 percipiet
505 3806 661 3882 letitiam,
681 3809 704 3869 si
725 3808 867 3868 meretrix
883 3814 1013 3866 stoicum
1029 3801 1193 3884 quemdam
