2588 5176
212 811 253 876 38
382 805 534 870 VARlAE
560 802 829 868 LECTIONES
852 804 914 867 ET
937 806 1074 872 NOTAE

207 964 243 975 —
254 931 363 983 Locuhts
373 927 506 1001 quiddam.
525 928 586 979 Non
602 944 632 981 ea
647 944 696 996 eqo
706 925 785 978 verba
798 941 943 998 ceteraque
952 932 1009 999 ejus
1017 950 1108 983 versus
1118 932 1152 983 atl
1166 934 1250 1004 ipsam

206 1013 386 1066 recitationem
398 1011 523 1071 referam,
535 1005 581 1058 sed
591 1005 627 1056 ad
641 1007 844 1077 prefatiuncula
855 1026 938 1077 genus
954 1010 1086 1080 quoddam
1103 1013 1250 1081 insulsum,

207 1112 265 1167 que
279 1092 425 1144 recitationi
441 1088 614 1160 premittitur.
638 1086 741 1138 Scilicet
759 1086 867 1138 verbum
889 1087 962 1159 loqui
976 1092 1157 1145 recitationem
1176 1094 1252 1148 nuno

207 1172 287 1225 modo
298 1171 434 1241 designare
450 1179 552 1239 potest,
567 1164 614 1217 sed
630 1184 791 1229 sermonem
807 1180 930 1238 praterea
947 1171 1112 1222 rancidulum
1125 1174 1253 1244 quiddam

207 1254 312 1304 minime
329 1250 451 1302 convenit
463 1267 522 1299 eum
534 1244 575 1298 his
587 1245 687 1312 verbis,
703 1247 745 1298 dia
755 1260 892 1318 poemata‚·
908 1246 1023 1318 deniqne
1039 1250 1111 1301 aliutl
1123 1265 1163 1304 est
1176 1254 1253 1307 hallia

205 1334 237 1386 de
253 1349 316 1383 nare
329 1329 401 1403 loqui
405 1367 414 1394 ,
427 1325 497 1379 aliutl
508 1324 636 1397 eliquare,
648 1325 675 1376 id
687 1339 743 1393 est,
755 1326 854 1397 liquida
866 1340 892 1378 et
904 1327 1044 1379 delicatula
1054 1348 1119 1382 voce
1130 1336 1252 1386 recitare.

204 1412 296 1466 Solent
309 1412 353 1480 qui
369 1408 484 1478 aliquam
497 1425 570 1458 suam
584 1419 666 1458 artem
682 1424 771 1457 coram
787 1421 857 1459 coetu
874 1407 951 1459 edere
965 1422 1107 1479 rogantur,
1121 1410 1196 1463 hand
1216 1418 1253 1466 ita

204 1509 331 1563 generose
344 1501 371 1542 et
382 1502 471 1559 aperte
482 1506 509 1538 se
522 1505 552 1537 ae
562 1505 608 1538 sua
622 1486 820 1553 commendare,
832 1500 857 1538 et
870 1506 927 1539 sese
939 1502 1091 1542 excusantes
1103 1490 1252 1562 balbutire,

204 1571 245 1623 rel
264 1589 280 1621 e
297 1586 361 1620 naso
376 1566 463 1639 loqui,
474 1563 514 1617 vel
533 1565 633 1636 aliquid
652 1568 738 1618 minus
754 1581 857 1637 gratum
870 1566 1008 1620 admittere
1020 1589 1073 1640 prae
1085 1584 1158 1623 tnetn
1169 1577 1252 1626 mixto

133 1690 139 1703 .
204 1668 265 1703 cum
278 1647 411 1719 superbia.
432 1649 492 1699 llaec
505 1648 550 1717 qui
564 1646 626 1696 lacit
640 1648 822 1699 recitationem
835 1660 959 1718 rogatus,
975 1650 1029 1701 sire
1044 1651 1116 1701 Nero
1130 1654 1181 1719 sit,
1197 1657 1252 1707 sire

205 1730 272 1783 alius
282 1731 425 1801 quispiam,
437 1746 497 1778 eum
509 1724 600 1777 irridet
608 1739 697 1797 poeta.

239 1837 307 1888 Nor.
322 1832 365 1899 34.
376 1830 529 1902 Phyllidas,
539 1829 689 1902 hypsipylas
700 1842 785 1883 vatum
794 1843 819 1883 et
824 1831 953 1905 plorabile
960 1832 981 1883 si
990 1834 1059 1904 quid.
1070 1864 1106 1875 —
1114 1835 1253 1907 Elegeias,

204 1913 358 1968 delicatulus
370 1912 576 1983 compositiones
588 1924 614 1961 et
628 1910 786 1983 lacrymosas
798 1911 934 1982 designare
947 1912 1044 1979 voluit,
1057 1933 1122 1986 quas
1135 1918 1253 1971 effuant.

203 2009 280 2049 natus
289 1993 334 2046 illc
343 1990 611 2055 recitatordecantat,
620 2004 646 2041 et
653 1989 722 2043 leves
732 1993 848 2043 convivae
859 1992 1029 2045 admirantur.
1042 1997 1074 2045 Vi
1083 1999 1188 2048 comica
1196 2018 1251 2051 non

203 2089 263 2147 eget
270 2075 355 2126 locus.
365 2103 401 2112 -
411 2069 563 2142 Phyllidas,
575 2071 732 2142 hypsipylas.
744 2070 861 2142 Phyllis,
874 2072 991 2124 Sithonis
1001 2074 1053 2125 lilia
1062 2075 1251 2149 Thracumque

202 2159 307 2227 regina,
321 2151 567 2222 aDemophoonte,
578 2148 675 2202 Thesei
687 2150 755 2214 lilio;
768 2150 920 2224 hypsipyle,
934 2152 1063 2206 Thoantis
1078 2157 1251 2209 Lemniorum

202 2238 284 2307 regis,
296 2235 329 2287 ab
341 2236 439 2286 Jasone
450 2234 603 2299 Argonauta
616 2229 717 2283 deserta
733 2232 791 2282 fuit.
805 2233 828 2281 Τ
829 2232 908 2282 ritum
926 2246 1036 2305 utraque
1047 2235 1152 2288 vatibus
1170 2256 1251 2308 argu·

202 2330 329 2370 mentum.
340 2315 450 2364 Exstant
461 2313 539 2362 etiam
549 2329 620 2361 nunc
631 2312 699 2361 inter
710 2310 797 2363 Ovidii
808 2310 936 2362 [heroidas
948 2310 1005 2362 duae
1014 2312 1052 2383 (ll
1064 2329 1090 2366 ct
1101 2314 1152 2385 vl)
1162 2318 1251 2370 inscri-

202 2411 270 2468 ptae,
283 2396 357 2465 prior
367 2388 512 2461 Phyllidis,
524 2391 656 2460 posterior
667 2389 815 2461 hypsipyles
825 2392 944 2453 nomine;
955 2391 988 2442 ad
1002 2411 1067 2463 quas
1079 2392 1193 2447 forsitan
1206 2416 1249 2449 re·

201 2476 279 2548 spicit
297 2473 408 2542 eleqeias
421 2486 513 2520 versus
524 2471 615 2520 Persii.
633 2498 669 2507 -
687 2468 821 2522 Plumbile
840 2470 951 2541 siquid,
972 2471 1069 2543 siquid
1085 2473 1249 2545 elegiacum,

200 2553 365 2607 heroidicum
377 2551 433 2620 ejus
442 2549 557 2618 generis;
570 2546 641 2598 idem
651 2566 682 2599 ac
694 2549 717 2599 si
726 2546 847 2600 dixisset:
858 2560 906 2600 aut
916 2549 984 2601 olias
992 2551 1119 2624 quoslihet
1129 2555 1247 2631 eleqei'as.

235 2652 304 2703 Nor.
318 2648 360 2701 35.
372 2644 496 2719 Eliqtsat,
504 2657 529 2698 et
536 2657 622 2697 tenero
628 2645 863 2717 supplantatverba
868 2648 1140 2718 palato-vividior
1148 2652 1248 2708 locutio

201 2749 250 2803 pro
261 2728 360 2802 liquida
370 2742 396 2779 et
404 2728 487 2778 fracta
497 2744 562 2778 voce
572 2729 672 2779 recitat.
680 2755 716 2764 —
723 2725 846 2800 Eliquat‚
857 2729 932 2797 quasi
943 2731 1065 2797 guttatim
1077 2730 1180 2799 fundit,
1190 2736 1248 2804 gal·

200 2810 266 2864 lice:
280 2809 385 2864 distille.
402 2837 437 2847 -
452 2806 612 2881 Supplatttat
626 2807 710 2859 verba.
724 2806 901 2880 Supplantare
912 2811 1019 2879 proprie
1031 2809 1145 2881 dejicere
1157 2813 1248 2884 planta

200 2892 346 2963 supposita.
361 2891 410 2942 Hic
422 2887 617 2960 metaphorice,
628 2885 780 2959 supplantat
791 2887 899 2939 verbum
910 2886 993 2938 altero
1005 2892 1145 2961 supposito
1155 2893 1246 2947 verbo,

199 2970 287 3022 Verba
302 2970 370 3021 enim
384 2967 503 3019 nondum
515 2967 655 3018 efformata
667 2966 788 3018 decurtat
801 2981 827 3018 et
838 2969 914 3037 quasi
925 2966 1020 3037 dejicit.
1035 2998 1067 3007 -
1086 2969 1185 3024 Teucro
1197 2994 1248 3045 pa-

201 3050 269 3115 lato,
279 3046 419 3100 delicatula
428 3047 658 3118 pronuntiatione,
670 3045 744 3097 molli
755 3064 828 3097 voce.
840 3045 902 3097 vid.
913 3046 991 3099 Ovid.
1001 3049 1057 3099 Art.
1070 3049 1129 3100 Aru.
1144 3053 1182 3117 ll,
1197 3053 1246 3106 283

200 3146 259 3201 sqq.
272 3128 322 3194 ΙΙΙ,
336 3128 386 3196 293
397 3144 454 3197 sqq.
467 3126 581 3177 Martial.
593 3126 632 3189 Χ,
644 3124 693 3192 65,
707 3141 739 3177 10
750 3144 809 3196 sqq.

234 3225 303 3276 Nor.
323 3224 367 3276 36.
385 3222 517 3275 Assensere
536 3220 593 3274 oiri.
612 3251 648 3263 -
664 3223 768 3274 lronice
788 3235 930 3292 utrumque
945 3222 1068 3286 verbum
1086 3224 1246 3285 delicatulus

200 3305 308 3357 enimet
321 3301 391 3355 leves
403 3314 430 3353 et
443 3315 546 3354 saturos
560 3314 637 3353 vocat
650 3301 728 3362 viros,·
744 3315 770 3354 et
782 3301 846 3354 illud
858 3321 984 3355 assensere
997 3322 1075 3373 prave
1088 3304 1189 3378 aliquid
1202 3330 1247 3363 eo-

199 3402 265 3437 nans
273 3396 300 3436 et
309 3385 336 3434 in
346 3381 467 3453 gravibus
479 3382 558 3433 rebus
568 3380 724 3453 plerumque
735 3382 881 3433 adhibitum
894 3381 987 3451 (Orid.
998 3383 1104 3435 Metam.
1117 3387 1167 3452 ΙΙΙ,
1180 3391 1245 3460 ²⁵9³

197 3466 267 3528 xlv,
279 3460 330 3533 592
340 3483 347 3525 3
357 3463 428 3532 Virg.
441 3462 499 3513 AEn.
512 3462 549 3526 ll,
564 3461 628 3531 130)
639 3460 665 3514 lt.
677 3462 694 3513 l.
704 3463 733 3514 iu
744 3480 774 3514 re
785 3462 856 3515 futili
867 3476 1023 3533 usurpatum
1034 3476 1073 3514 est
1083 3464 1242 3521 felicissime.

230 3634 290 3677 Van.
308 3630 346 3678 ³6.
357 3631 424 3677 Nunc
435 3646 481 3678 nost
488 3632 545 3677 citis
555 3629 593 3675 ille
600 3629 754 3693 poetoefelt'r?
762 3655 793 3667 -
805 3633 850 3676 Pro
859 3645 919 3675 num
929 3628 1054 3676 nonhabet
1063 3646 1106 3693 per
1115 3638 1245 3682 samartio-

198 3715 253 3748 uent
268 3700 344 3761 8272:
359 3701 428 3747 Nunc
441 3716 500 3746 norro
511 3703 568 3746 ct'ttt's
581 3698 618 3745 ille
625 3699 779 3763 poetoefelix!
794 3701 851 3760 Qua·
861 3699 931 3745 lectio
946 3698 1066 3762 probanda
1077 3714 1141 3748 certe
1156 3715 1180 3749 et
1194 3706 1245 3767 ipss

196 3782 239 3816 est.
256 3767 333 3815 hltera
345 3783 401 3813 vero
411 3784 478 3830 teque
491 3767 612 3815 laudabilis
624 3768 675 3830 plus
687 3769 758 3817 babet
769 3770 923 3827 auctoritatis,
937 3785 988 3832 quae
999 3783 1103 3817 recurrat
1116 3773 1140 3817 iu
1154 3778 1246 3822 ceteris

197 3841 254 3887 meis
264 3840 337 3885 MutS.
346 3863 379 3874 -
390 3839 482 3885 liabent
494 3838 555 3903 ⁸⁰7⁰
566 3852 589 3885 ct
602 3839 671 3904 8072.
688 3844 755 3887 Naue
766 3858 810 3887 non
824 3843 856 3888 sic
870 3842 1006 3902 transposita
1017 3857 1022 3887 :
1037 3858 1082 3889 nort
1096 3860 1170 3899 nunc5
1178 3848 1245 3909 quod

197 3909 268 3974 paulo
278 3911 359 3957 durius
368 3910 469 3958 ridetur.

231 4006 301 4057 Nor.
319 4003 362 4057 36.
375 4004 454 4055 Nunc
464 4022 517 4056 rton
529 4003 593 4055 cinis
607 4001 654 4054 ille
664 4015 748 4075 poetoe
756 4004 846 4076 felix?
857 4034 891 4046 —
903 4005 1000 4057 Nonne
1013 4004 1116 4058 laetatur
1130 4008 1176 4060 tali
1188 4009 1245 4063 lau·

196 4083 304 4136 datione
314 4097 396 4154 poeta
407 4083 447 4134 vel
458 4085 486 4134 iu
498 4082 619 4134 tumulo?

231 4184 299 4234 Nor.
319 4182 362 4252 37.
381 4183 444 4234 Non
461 4169 543 4233 linior
552 4184 643 4255 cippus
659 4200 731 4235 stunc
745 4183 873 4254 imprimit
884 4203 946 4237 ossa.
961 4215 998 4225 -
1012 4187 1121 4258 Cipptts,
1137 4187 1243 4243 brevior

196 4259 336 4328 columna,
356 4272 401 4313 aut
415 4261 481 4333 lapis
495 4263 522 4312 in
536 4262 638 4313 tumulo
650 4263 766 4334 positus,
781 4277 827 4315 aut
840 4266 897 4335 ipsa
912 4280 978 4318 terra
992 4267 1095 4319 tumulo
1107 4284 1241 4337 apparata.

195 4339 259 4391 Erat
265 4340 336 4412 apud
346 4342 469 4413 antiquos
479 4359 520 4394 res
529 4354 619 4412 optata
632 4355 658 4393 et
669 4345 737 4393 inter
748 4343 886 4411 religiones
900 4361 1020 4416 recepta,
1031 4350 1053 4399 si
1067 4352 1164 4400 mortui
1175 4351 1242 4402 cinis

196 4420 281 4470 minus
297 4424 369 4490 gravi
386 4422 479 4474 tellure
495 4435 665 4493 premeretur.
679 4422 754 4475 Unde
772 4422 824 4475 hoc
840 4438 931 4476 votum
948 4450 953 4477 :
970 4429 1004 4479 sit
1020 4427 1068 4479 tibi
1084 4439 1149 4478 terro
1164 4429 1241 4481 levis!

195 4497 276 4563 Quod
283 4502 360 4551 etiarn
368 4502 515 4574 sepulchris
522 4502 737 4568 committebant,
748 4502 788 4555 his
798 4505 885 4557 incisis
893 4505 984 4560 litteris
993 4530 999 4559 ε
1009 4507 1034 4559 8.
1045 4509 1075 4559 Τ.
1084 4511 1114 4561 Τ.
1122 4510 1152 4561 L.
1162 4509 1239 4563 Unde
