2588 5176
168 623 435 734 VARIAE
477 623 931 737 LECTIONES

418 884 489 958 ΕΤ
516 883 673 960 NOTAE

311 1090 357 1150 IN
378 1090 568 1151 SATIRAM
589 1094 778 1155 PRIMAM.

102 1501 160 1540 tttnt
171 1504 257 1540 rarus.
272 1460 376 1546 Varus
392 1500 431 1540 est
448 1487 622 1558 interpretum
641 1486 747 1559 querela
762 1485 796 1538 de
813 1484 975 1540 obscuritate
989 1487 1069 1559 hujus
1180 1494 1183 1499 '

102 1567 156 1623 timis
171 1569 263 1622 satirae.
283 1568 367 1638 Cujus
384 1567 492 1640 quidem
506 1586 561 1619 non
578 1567 656 1619 rerba
673 1567 759 1620 solum
773 1581 799 1621 et
813 1567 922 1640 singule
936 1570 1070 1622 sententias

102 1647 250 1701 ttinterdum
264 1661 449 1718 apertaesun13
464 1649 646 1700 verumetiam
660 1645 783 1718 dialogus
794 1647 895 1699 vicibus
908 1646 1016 1700 alternis
1029 1649 1071 1700 vix

102 1727 152 1778 trix
163 1726 269 1801 quidem
283 1740 323 1779 est
335 1726 488 1792 distinctus,
501 1727 643 1799 ipsumque
656 1740 854 1798 argumentum,
868 1728 946 1778 sicuti
958 1726 1072 1780 nonnul·

102 1805 171 1876 lacet,
189 1808 261 1861 baud
278 1811 315 1861 ita
331 1808 441 1881 simplex
454 1821 480 1862 et
492 1829 582 1862 unum.
596 1809 769 1862 incommoda
784 1809 840 1862 baec
855 1812 951 1863 invexit
965 1813 1070 1876 omnia,

102 1905 121 1939 tr
132 1892 262 1963 scriptoris
276 1892 427 1961 ingenium,
447 1893 503 1961 ipsa
517 1892 632 1943 materias
647 1890 774 1943 conditio.
795 1891 914 1957 Scilicet,
933 1892 972 1943 uti
990 1909 1070 1964 supra

102 1983 174 2022 uento
188 1971 355 2034 monuimus,
369 1968 509 2039 equalium
521 1970 584 2021 vitia
597 1968 743 2022 litterarum
759 1968 990 2043 litteratorumquc
1006 1988 1070 2042 pra·

102 2064 167 2101 nores
181 2046 339 2118 redarguere
356 2048 459 2099 Persius
475 2048 601 2110 instituit;
615 2047 796 2118 periculosum
811 2067 878 2120 opus
892 2050 1029 2120 prolecto,
1044 2063 1071 2102 et

102 2141 195 2199 aperta
207 2130 297 2180 fronte
309 2129 350 2179 vix
367 2146 494 2198 peragere
506 2131 647 2195 sustineat,
662 2147 743 2200 quum
757 2128 924 2200 impetendus
937 2132 969 2182 sit
981 2149 1071 2201 popu-

102 2218 116 2256 tt
123 2221 269 2278 magnates,
285 2219 312 2257 et
324 2208 380 2277 ipse
393 2220 453 2258 ante
465 2205 531 2257 alios
544 2207 630 2273 Nero,
642 2206 684 2260 vel
695 2209 723 2258 in
734 2206 813 2261 bonis
825 2208 926 2261 artibus
938 2211 1070 2280 nequissi-

102 2287 159 2339 llinc
167 2288 304 2339 sententie
311 2285 504 2359 hominumque
512 2290 620 2339 uomina
628 2306 696 2358 supe
703 2287 977 2359 saepiusverbisatque
985 2290 1070 2340 omnis

102 2367 125 2419 t't
139 2368 229 2438 liguris
241 2366 404 2420 dissimulata
415 2390 421 2429 ς
439 2367 501 2419 hinc
514 2366 635 2437 dialogus
649 2370 771 2439 personis
782 2388 838 2420 non
849 2368 936 2421 dicam
947 2368 1070 2421 indistin-

107 2445 148 2498 ted
158 2449 249 2520 potius
261 2465 370 2512 carens,
385 2461 512 2517 tanquam
522 2449 545 2499 si
555 2447 616 2498 rclit
627 2460 720 2498 auctor
732 2450 759 2498 in
771 2447 895 2517 ambiguo
906 2447 1070 2519 relinquere,

103 2530 273 2584 mtribuenda
281 2532 347 2598 sint,
357 2549 414 2601 quae
423 2528 516 2582 dixerit
524 2529 601 2592 ;hinc
608 2529 723 2601 denique
732 2529 823 2583 induta
832 2533 881 2583 toti
890 2532 964 2602 operi
972 2532 1071 2597 forma,

102 2624 132 2663 ut
142 2611 299 2664 deliberatio
312 2609 447 2682 quadam,
459 2627 493 2661 an
506 2612 612 2662 satiram
624 2609 791 2662 scribendum
804 2612 853 2675 sit,
865 2610 965 2662 necne?

103 2710 129 2745 as
145 2691 272 2763 ambages
290 2709 371 2763 quum
390 2690 473 2762 paulo
491 2692 523 2743 sit
541 2690 675 2744 difficilius
693 2689 841 2756 resolvere,
859 2692 1071 2761 continuumque

102 2776 146 2826 inis
156 2775 327 2847 propositum
338 2771 470 2843 relegere,
486 2785 513 2824 et
525 2791 694 2844 quocumque
706 2776 836 2844 pertineat
852 2770 1003 2844 pervidere3
1020 2772 1069 2825 sibi

102 2856 180 2906 imum
195 2852 358 2905 induxerunt
376 2852 498 2905 nonnulli
516 2855 766 2917 commentantium,
786 2868 839 2904 non
860 2853 912 2905 lmc
932 2871 989 2905 esse
1008 2871 1069 2924 per·

102 2955 120 2987 n
132 2938 211 2988 nnius
226 2937 315 3006 operis
329 2953 427 3006 corpus
436 2974 445 3000 ‚
461 2933 507 2986 sed
522 2948 629 2987 truncas
649 2933 812 2986 diversorum
833 2953 945 3006 operum
964 2948 1069 3006 partes,

102 3037 134 3069 nc
152 3020 259 3071 satiram
277 3034 291 3067 e
312 3014 428 3086 plurium
445 3017 582 3068 satirarum
606 3014 706 3067 laciniis
726 3016 808 3067 fuisse
830 3028 967 3067 consutam
990 3027 1069 3086 atque

102 3098 139 3152 ibe
156 3109 316 3150 contextam.
335 3097 372 3148 Ea
386 3095 420 3147 de
435 3115 463 3146 re
477 3095 648 3148 disserentem
665 3094 774 3146 ductum
793 3095 889 3166 Koenig
908 3092 999 3145 audire
1020 3108 1067 3146 est.

102 3175 175 3229 tidem
187 3193 293 3247 semper
305 3176 384 3227 statui
399 3187 478 3245 atque
491 3175 570 3226 etiam
582 3192 653 3226 nunc
669 3191 711 3225 me
728 3175 755 3224 in
770 3171 862 3225 eadem
875 3173 1000 3244 opinione
1012 3191 1071 3224 esse

103 3276 162 3324 eor,
174 3259 287 3329 primam
300 3256 369 3308 hanc
382 3257 462 3308 Persii
474 3258 580 3308 satiram
592 3275 608 3308 e
619 3254 724 3308 duabus
736 3253 832 3307 diversi
845 3244 994 3324 argumenti
1005 3255 1068 3305 sati-

102 3355 129 3388 tu
141 3337 232 3410 aliquo
246 3355 303 3388 esse
312 3334 469 3397 conflatam
482 3337 508 3386 in
520 3354 633 3407 quarum
643 3351 695 3386 una
708 3335 891 3385 necessitatem
902 3334 994 3385 satiras
1005 3335 1068 3384 scri·

113 3419 279 3490 exposuerit,
298 3420 325 3468 in
341 3416 422 3469 altera
436 3416 566 3469 scribendi
578 3431 604 3469 et
616 3413 745 3469 recitandi
757 3413 890 3466 libidinem
903 3432 1068 3486 pravumque

102 3516 156 3550 num
168 3498 202 3551 de
214 3500 360 3550 carminum
373 3497 512 3550 virtutibus
522 3497 652 3568 judicium
664 3499 759 3549 acriter
770 3495 966 3568 perstrinxerit;
982 3514 1068 3567 neque

102 3594 156 3630 tcx
176 3593 289 3650 utraque
310 3578 480 3631 intercidisse.
503 3577 547 3629 Ad
564 3581 677 3649 priorem
695 3575 759 3628 mibi
776 3577 931 3647 pertinuisse
946 3575 1068 3628 videntur

102 3670 248 3727 -sa,et107
259 3657 386 3730 usquead
396 3658 489 3720 linem
500 3657 533 3709 ad
543 3662 716 3729 posteriorem
727 3657 829 3728 reliqui.
838 3658 925 3727 Atque
935 3659 961 3707 in
971 3658 1002 3707 iis
1009 3673 1067 3707 rer·

110 3755 173 3808 qnos
184 3737 218 3790 ad
231 3737 340 3791 alteram
354 3740 460 3791 satiram
472 3741 632 3810 pertinuisse
641 3738 766 3804 diximus,
781 3758 835 3790 non
849 3758 904 3790 uno
918 3740 944 3788 in
959 3735 1019 3787 loco
1032 3738 1067 3787 vi·

102 3834 117 3868 ts
130 3821 253 3873 transitus
271 3818 338 3872 adeo
351 3818 432 3872 duros
445 3833 471 3872 et
486 3820 615 3893 abruptos
631 3840 772 3892 rerumque
791 3821 982 3892 expositionem
999 3814 1066 3868 adeo

102 3910 144 3946 *am
154 3915 183 3949 ac
195 3896 325 3962 debilem,
340 3911 369 3950 ut
380 3901 459 3952 Persii
471 3900 593 3953 manibus
602 3902 725 3970 injuriam
739 3900 825 3951 facere
835 3915 909 3970 pane
919 3894 1067 3961 videamur,

102 3977 276 4041 tsic‚utnunc
285 3980 516 4046 circumferuntur,
524 3980 558 4032 ab
572 4000 604 4033 eo
618 3982 738 4052 profecta
750 3998 807 4031 esse
819 3977 986 4037 arbitremur,
998 3992 1066 4044 prse-

102 4068 118 4100 n
126 4072 199 4124 quum
209 4077 240 4109 ex
251 4058 380 4126 secunda,
391 4062 481 4131 quinta
493 4074 600 4114 etsexta
613 4063 692 4114 satira
702 4060 870 4131 perspicuum
881 4057 928 4119 sit,
940 4071 999 4105 eum
1011 4072 1065 4105 nou

102 4145 118 4181 *⁸
136 4137 231 4207 singula
252 4153 306 4193 tam
322 4137 413 4193 leviter
427 4143 568 4212 attingere,
587 4159 671 4213 eaque
687 4152 790 4193 tantum
804 4156 892 4193 rerum
907 4135 1067 4215 linementa
