2588 5176
224 789 267 854 30
396 781 553 846 VARIAE
575 775 847 844 LECTIONES
871 778 933 842 ET
958 777 1095 845 NOTAE

222 887 1159 961 DicturuslnitPersiuszquisnonRomaestincptusllncltoatamvero
1168 906 1240 945 sent
1271 921 1276 936 ι

222 983 285 1034 tiam
297 989 342 1029 aut
355 978 411 1047 ipse
426 993 482 1026 non
495 971 575 1024 audet
587 969 739 1034 absolvere,
753 982 799 1021 aut
813 969 934 1022 absolvat
946 988 1000 1023 non
1014 972 1076 1023 sinit
1093 973 1285 1029 adversarius⁸

222 1061 269 1133 qni
289 1056 434 1110 succlamat
450 1075 455 1104 :
478 1071 509 1104 ac
524 1053 545 1104 si
557 1052 604 1123 fus
618 1051 713 1103 dicere.
723 1052 763 1101 ..Ρ
782 1050 886 1119 Quibus
902 1051 989 1103 verbis
1003 1057 1155 1124 promptior
1169 1056 1293 1126 subjicit

221 1139 324 1192 Persius
342 1159 348 1189 :
367 1134 411 1187 sed
421 1132 482 1204 fas,
499 1145 549 1182 etc.
567 1143 685 1183 recurret
699 1130 768 1180 infra
784 1128 854 1181 idem
867 1128 933 1182 illud
944 1131 1002 1202 quis
1012 1150 1086 1184 non.-
1103 1131 1156 1185 vid.
1169 1149 1226 1188 not.
1242 1130 1287 1188 ad

221 1235 326 1342 vellii:
337 1230 537 1355 dnilluucqtmm
549 1278 584 1331 nd
593 1278 715 1331 canitiem
723 1289 870 1332 ctuostrum
880 1279 948 1332 istud
956 1280 1040 1333 uivere
1048 1284 1119 1337 triste
1125 1283 1232 1359 depexi.
1242 1313 1274 1325 -

223 1357 1268 1437 Caniticsprosenectute,quamcauitiesdenuntias-Nostrumainamma

221 1449 323 1501 locutio
333 1463 395 1518 pro:
407 1455 497 1495 nostra
508 1443 575 1506 vita,
585 1443 623 1492 uti
635 1441 704 1492 infra
715 1459 739 1491 v.
755 1455 819 1505 tas,
832 1440 881 1493 toc
890 1439 973 1493 ridere
982 1459 1067 1494 mcum
1074 1465 1084 1505 ;
1097 1447 1196 1517 sapius
1206 1449 1268 1499 enin

221 1548 264 1581 res
274 1525 346 1600 apud
357 1524 475 1578 Persium
488 1522 608 1574 recurrit.
619 1520 733 1571 Multum
743 1520 770 1570 in
781 1517 833 1570 lroc
844 1520 1046 1592 interpretando
1058 1541 1138 1577 versu
1148 1528 1268 1580 variatim

223 1621 276 1673 est,
290 1619 318 1656 ut
333 1607 360 1656 in
374 1603 434 1655 loco
447 1600 557 1653 difficili.
573 1601 701 1652 Canitiem
713 1600 882 1652 vetustissimi
894 1601 921 1651 in
933 1598 1042 1653 scholiis
1052 1608 1221 1673 pammatici
1232 1623 1268 1665 a·

222 1689 323 1763 plicant
332 1705 380 1758 per
389 1697 505 1737 veterum
516 1685 698 1735 Romanorum
709 1681 881 1733 venerandam
892 1682 987 1748 vitam,
997 1687 1040 1735 cui
1050 1689 1201 1756 opponitur
1210 1687 1271 1743 istud

223 1780 337 1823 nostrum
354 1766 438 1818 vivere
454 1765 537 1828 triste,
552 1760 580 1812 id
598 1774 651 1828 est,
663 1760 787 1835 pudenda
799 1762 963 1833 presentium
980 1774 1125 1837 temporum
1139 1767 1202 1818 vita.
1224 1768 1272 1835 Qui

224 1868 316 1904 sensns
330 1848 437 1900 minime
451 1842 602 1916 displiceat,
619 1843 641 1894 si
654 1840 734 1893 modo
747 1841 854 1893 canities
868 1855 985 1894 veterum
997 1843 1180 1897 Romanorum
1197 1849 1272 1899 vium

223 1931 309 2005 possit
321 1947 374 1980 una
390 1926 537 1998 designare.
560 1923 656 1974 Censet
673 1923 769 1991 Koenig
788 1921 916 1974 Canitiem
931 1935 955 1995 et
975 1933 1089 1977 nostrum
1108 1926 1179 1978 istud
1194 1926 1274 1979 vivere

224 2012 378 2079 triste,item
388 2028 418 2063 ac
428 2029 434 2059 z
445 2017 470 2059 et
481 2005 587 2058 nucibus
592 2005 889 2076 facimusquaecumque
900 2003 1009 2074 relictis,
1017 2018 1058 2058 et:
1069 2026 1152 2080 quum
1160 2008 1275 2081 sapimus

221 2104 343 2169 patruos,
354 2109 409 2143 non
424 2087 459 2141 ad
472 2090 607 2141 Romanos
619 2104 765 2156 eorumque
775 2104 861 2137 mores
872 2089 1020 2157 pertinere,
1030 2107 1123 2141 verum
1138 2088 1174 2142 ad
1189 2091 1275 2162 ipsum

223 2177 341 2227 Persium
361 2174 469 2242 ejusque
488 2165 591 2220 vivendi
609 2184 692 2238 genus
711 2184 833 2218 severum
849 2185 880 2219 ac
898 2165 1027 2219 idoneum
1046 2167 1166 2223 moribus
1186 2189 1276 2242 repre·

224 2252 389 2314 hendendis;
407 2251 481 2322 quasi
502 2261 583 2319 poeta
604 2249 672 2298 senis
691 2244 784 2297 induat
801 2265 956 2318 personam,
977 2250 1020 2300 cni
1041 2252 1160 2303 censoris
1179 2269 1275 2303 munus

226 2334 375 2387 conveniat.
392 2332 426 2381 At
437 2347 501 2380 vero
513 2329 540 2378 in
554 2345 584 2381 ca
599 2328 815 2397 interpretatione
828 2329 919 2399 aspexi
935 2339 962 2380 et
978 2340 1093 2382 nostrum
1110 2330 1197 2384 vivere
1209 2333 1277 2384 triste

225 2411 259 2466 ad
271 2410 393 2464 eumdem
405 2410 556 2461 referantur
566 2423 674 2457 necesse
687 2419 743 2471 est,
758 2425 815 2477 qnae
829 2410 992 2459 constructio
1006 2409 1088 2480 paulo
1100 2409 1195 2463 durior
1206 2411 1277 2465 ride·

224 2507 275 2545 tur.
290 2495 358 2544 Tum
367 2494 493 2560 junctura
506 2485 709 2558 precedentium
721 2489 908 2538 sententiarum
920 2506 981 2539 cum
993 2488 1034 2543 his
1045 2491 1133 2544 verbis
1146 2503 1226 2544 ωης,
1236 2533 1243 2546 ,
1252 2530 1275 2545 ,,

225 2583 303 2623 tunc.
314 2610 320 2620 .
330 2609 352 2620 ..
370 2567 494 2642 ipsioscite
506 2568 592 2616 minus
609 2561 717 2616 habehit
733 2566 825 2617 virium
841 2580 867 2617 et
884 2566 1018 2619 claritatis.
1039 2569 1161 2642 Denique
1179 2574 1276 2626 cisen.

226 2653 307 2706 tentia
317 2652 418 2703 ironice
431 2649 574 2719 arripitur,
588 2645 671 2698 levior
687 2659 712 2698 et
725 2648 841 2698 auctoris
855 2649 961 2719 ingenio
972 2667 1066 2719 parurn
1079 2650 1160 2722 digna
1173 2652 1277 2707 videbi.

226 2750 284 2799 tur;
301 2735 342 2787 sin
351 2750 414 2785 vero
428 2731 508 2794 serio,
520 2731 623 2800 gravior
635 2741 660 2780 et
673 2729 778 2780 satirico
790 2730 881 2799 generi
893 2748 987 2800 parum
1002 2732 1222 2800 accommodata3
1234 2756 1276 2789 re·

226 2817 305 2869 ferret
321 2813 430 2866 enimin
441 2811 510 2881 jocis
523 2823 602 2882 poeta
614 2810 792 2880 gravissimam
811 2808 882 2860 illam
898 2810 1002 2863 Solonis
1016 2831 1124 2879 vocem,
1141 2815 1275 2871 Pisistrato

227 2916 333 2950 causam
341 2892 457 2948 audaciae
466 2894 493 2943 in
502 2884 529 2943 se
538 2889 756 2963 reprehendendo
764 2892 937 2962 interroganti
945 2892 1131 2964 respondentis
1139 2917 1145 2946 ι
1154 2897 1277 2951 Senecam

226 2987 252 3028 ct
263 2970 406 3047 inperium.
423 2971 551 3023 Festivior
563 2969 667 3021 videtur
682 2982 707 3020 et
720 2967 892 3022 mcliinnonis
905 2989 1023 3042 personae
1040 2970 1157 3031 habilior
1169 2990 1276 3030 senten.

228 3059 278 3120 tia,
291 3057 314 3106 si
324 3053 379 3105 lraec
392 3053 480 3104 omnia
490 3051 637 3101 referantur
651 3049 683 3100 ad
697 3053 847 3115 Romanos,
864 3053 885 3102 si
898 3055 1004 3103 satiram
1017 3053 1149 3107 scribendi
1162 3061 1277 3111 necessi·

227 3140 319 3190 itatem
333 3146 439 3186 excuset
451 3133 553 3183 Persius
564 3150 612 3202 per
626 3133 747 3193 satiram,
760 3133 797 3182 sio
809 3133 871 3182 fecit
883 3134 1030 3195 luvenalis,
1047 3136 1073 3186 in
1087 3139 1166 3188 satira
1182 3139 1275 3210 pruna,

229 3216 371 3269 Videamus
384 3228 471 3265 tamen
485 3231 534 3278 ne,
546 3211 706 3264 Casauhono
720 3215 906 3279 assentientes,
921 3214 1079 3266 arbitremur
1093 3215 1137 3269 hic
1149 3223 1224 3292 tangi
1236 3222 1277 3274 vel

225 3303 336 3370 juvenes
346 3297 409 3348 luxu
420 3294 586 3359 diffluentes,
600 3292 639 3345 vel
653 3311 742 3357 senes,
757 3294 805 3365 qui
823 3295 910 3347 Curios
924 3296 1050 3348 sicaniam
1063 3308 1089 3348 et
1099 3299 1277 3356 Bacchum&

219 3380 328 3432 ‘vivunt
344 3375 542 3428 Meminerimus
556 3387 663 3445 poetam
675 3373 718 3424 hic
732 3372 804 3445 loqui
820 3373 852 3425 de
864 3373 958 3442 literis,
970 3394 1025 3428 non
1039 3376 1072 3429 de
1086 3378 1215 3434 moribus.

264 3497 330 3546 Non.
354 3510 392 3545 ιο.
406 3495 442 3544 Et
452 3494 555 3546 nucibus
561 3493 855 3566 facimusquoecumque
865 3493 965 3546 relictis.
978 3525 1012 3534 -
1022 3494 1162 3549 Ludebant
1171 3501 1277 3553 nucibrs

229 3588 347 3628 ueterum
363 3575 445 3644 pueri.
458 3574 557 3626 Phaedr.
575 3575 625 3637 lll,
645 3575 689 3641 143
706 3573 802 3627 Catull.
816 3577 885 3641 XlV,
905 3576 953 3628 183
969 3596 1022 3647 sq.;
1039 3580 1118 3630 Mart.
1135 3599 1159 3631 v.
1179 3580 1229 3647 86,
1250 3601 1276 3645 ι;

228 3658 333 3709 Petron.
343 3654 385 3706 81.
395 3654 431 3705 Ex
441 3673 494 3724 qno
502 3653 561 3705 lusa
571 3653 726 3724 metaphora
737 3656 857 3707 usitatior
868 3674 944 3709 nuces
955 3657 1099 3730 relinquere
1107 3677 1175 3728 pro,
1186 3661 1277 3732 egredi

197 3766 212 3801 5
228 3735 349 3806 pueritia.
362 3735 431 3784 Usus
444 3751 550 3804 quoque
560 3733 718 3799 invaluerat,
730 3747 758 3784 ut
772 3736 881 3786 maritus
895 3752 972 3787 nuces
981 3737 1206 3808 spargeret,dnm
1212 3758 1276 3793 uxo·

230 3833 285 3866 rem
299 3812 423 3865 ducebat.
439 3815 505 3864 Hinc
516 3813 653 3884 Virgilius,
663 3812 755 3883 Eolng.
767 3815 833 3865 Vlll.
849 3833 881 3884 29
890 3828 917 3866 et
927 3817 970 3868 30.

431 3903 515 3957 Mopse,
525 3915 592 3944 novas
601 3901 672 3944 incide
683 3900 753 3957 tace„
762 3902 801 3946 tibi
810 3903 898 3946 ducitur
908 3917 972 3947 uxor:

430 3970 519 4024 Sparge,
528 3968 605 4012 marite
612 4003 617 4019 ,
625 3983 691 4013 nuces
697 4001 701 4011 .
708 4003 713 4013 .
720 4002 737 4013 ..

265 4056 332 4108 Nor.
348 4071 386 4107 ιι.
397 4056 482 4127 Quum
492 4059 605 4129 sapimus
611 4071 732 4130 patmos:
741 4071 802 4112 tuuc
809 4100 827 4113 ..
854 4075 954 4114 tunc...
966 4064 1097 4138 ipsascite.
1104 4096 1140 4107 —
1147 4069 1231 4124 Nola.
1242 4101 1276 4112 -

230 4137 343 4191 Patruus
351 4137 457 4208 proprie
465 4137 545 4188 frater
553 4140 642 4209 patris.
649 4139 826 4212 Patruirulgo
833 4143 953 4214 patribus
961 4148 1103 4199 severiores
1111 4149 1137 4200 in
1145 4155 1277 4223 corrigen-

231 4217 272 4270 dis
284 4218 384 4290 pueris;
400 4219 436 4271 sic
453 4218 480 4268 in
494 4219 624 4272 comoedia
639 4237 866 4294 representantur.
888 4227 956 4279 Hinc
974 4228 1154 4300 metaphorice
1168 4248 1277 4307 patruus

231 4318 282 4369 pro
290 4316 409 4352 censore.
422 4300 465 4353 Ne
475 4300 623 4371 sispotruus
634 4301 710 4353 milti.
728 4305 820 4355 Horat.
834 4308 904 4357 satir.
918 4306 955 4370 ll,
968 4308 999 4373 3,
1011 4308 1053 4360 88.
1066 4310 1164 4365 Sensus
1177 4334 1184 4365 z
1195 4332 1277 4386 quum

231 4389 354 4449 patruos,
367 4381 383 4430 i.
397 4399 419 4432 e.
433 4381 502 4432 viros
516 4400 608 4450 graves
623 4402 653 4433 ac
669 4402 788 4447 severos,
799 4385 873 4436 vultu
889 4400 914 4437 et
929 4401 1004 4440 aetate
1017 4391 1072 4458 jam
1083 4393 1229 4446 referimus.
1241 4423 1276 4433 -

235 4459 336 4512 Teuc...
347 4463 620 4533 tuuc...Sentcntiam‚
627 4483 684 4535 qua
691 4463 794 4536 periodi
804 4466 912 4520 alteram
919 4484 1021 4540 partem
1028 4473 1231 4540 conficeret,bis
1239 4478 1276 4528 in-
