<?xml version="1.0" encoding="UTF-8"?>
<!DOCTYPE html PUBLIC "-//W3C//DTD XHTML 1.0 Transitional//EN"
    "http://www.w3.org/TR/xhtml1/DTD/xhtml1-transitional.dtd">
<html xmlns="http://www.w3.org/1999/xhtml" xml:lang="en" lang="en">
 <head>
  <title>
</title>
<meta http-equiv="Content-Type" content="text/html;charset=utf-8" />
  <meta name='ocr-system' content='tesseract 3.04.00' />
  <meta name='ocr-capabilities' content='ocr_page ocr_carea ocr_par ocr_line ocrx_word'/>
</head>
<body>
  <div class='ocr_page' id='page_1' title='image "bibliothecaclas20lemagoog_0021.png"; bbox 0 0 2624 5182; ppageno 0'>
   <div class='ocr_carea' id='block_1_1' title="bbox 140 364 1009 475">
    <p class='ocr_par' dir='ltr' id='par_1_1' title="bbox 140 364 1009 475">
     <span class='ocr_line' id='line_1_1' title="bbox 140 364 1009 475; baseline -0.006 0"><span class='ocrx_word' id='word_1_1' title='bbox 140 410 161 475; x_wconf 77' lang='lat' dir='ltr'><strong>a</strong></span> <span class='ocrx_word' id='word_1_2' title='bbox 315 407 469 472; x_wconf 73' lang='lat' dir='ltr'><strong>sumn</strong></span> <span class='ocrx_word' id='word_1_3' title='bbox 492 364 764 469; x_wconf 78' lang='lat' dir='ltr'><strong>nncrrosss</strong></span> <span class='ocrx_word' id='word_1_4' title='bbox 787 404 849 468; x_wconf 84' lang='lat' dir='ltr'><strong>nr</strong></span> <span class='ocrx_word' id='word_1_5' title='bbox 872 402 1009 470; x_wconf 76' lang='lat' dir='ltr'><strong>nore</strong></span> 
     </span>
    </p>
   </div>
   <div class='ocr_carea' id='block_1_2' title="bbox 132 527 1187 1648">
    <p class='ocr_par' dir='ltr' id='par_1_2' title="bbox 132 527 1187 1648">
     <span class='ocr_line' id='line_1_2' title="bbox 139 527 1185 604; baseline -0.004 -14"><span class='ocrx_word' id='word_1_6' title='bbox 139 556 200 604; x_wconf 84' lang='lat' dir='ltr'><strong>nus,</strong></span> <span class='ocrx_word' id='word_1_7' title='bbox 213 540 330 590; x_wconf 83' lang='lat' dir='ltr'>Persium</span> <span class='ocrx_word' id='word_1_8' title='bbox 339 530 506 585; x_wconf 88' lang='lat' dir='ltr'><strong>contendunt</strong></span> <span class='ocrx_word' id='word_1_9' title='bbox 515 528 579 581; x_wconf 86' lang='lat' dir='ltr'><strong>nihil</strong></span> <span class='ocrx_word' id='word_1_10' title='bbox 590 527 662 581; x_wconf 87' lang='lat' dir='ltr'><strong>aliud</strong></span> <span class='ocrx_word' id='word_1_11' title='bbox 670 531 697 579; x_wconf 94' lang='lat' dir='ltr'><strong>in</strong></span> <span class='ocrx_word' id='word_1_12' title='bbox 705 531 793 580; x_wconf 89' lang='lat' dir='ltr'><strong>animo</strong></span> <span class='ocrx_word' id='word_1_13' title='bbox 801 527 938 597; x_wconf 85' lang='lat' dir='ltr'><strong>babuisse,</strong></span> <span class='ocrx_word' id='word_1_14' title='bbox 950 550 1030 602; x_wconf 87' lang='lat' dir='ltr'><strong>quam</strong></span> <span class='ocrx_word' id='word_1_15' title='bbox 1040 542 1069 583; x_wconf 89' lang='lat' dir='ltr'><strong>ut</strong></span> <span class='ocrx_word' id='word_1_16' title='bbox 1079 548 1185 586; x_wconf 82' lang='lat' dir='ltr'><strong>carmen</strong></span> 
     </span>
     <span class='ocr_line' id='line_1_3' title="bbox 137 606 1186 687; baseline -0.008 -16"><span class='ocrx_word' id='word_1_17' title='bbox 137 637 215 670; x_wconf 90' lang='lat' dir='ltr'><strong>suum</strong></span> <span class='ocrx_word' id='word_1_18' title='bbox 232 617 285 669; x_wconf 91' lang='lat' dir='ltr'><strong>hoc</strong></span> <span class='ocrx_word' id='word_1_19' title='bbox 297 612 410 687; x_wconf 71' lang='lat' dir='ltr'><strong>prologo</strong></span> <span class='ocrx_word' id='word_1_20' title='bbox 423 608 533 662; x_wconf 72' lang='lat' dir='ltr'><strong>offerret</strong></span> <span class='ocrx_word' id='word_1_21' title='bbox 545 607 586 659; x_wconf 85' lang='lat' dir='ltr'><strong>rel</strong></span> <span class='ocrx_word' id='word_1_22' title='bbox 600 606 732 678; x_wconf 84' lang='lat' dir='ltr'><strong>Apollini,</strong></span> <span class='ocrx_word' id='word_1_23' title='bbox 746 610 822 678; x_wconf 81' lang='lat' dir='ltr'><strong>cujus</strong></span> <span class='ocrx_word' id='word_1_24' title='bbox 839 622 893 659; x_wconf 86' lang='lat' dir='ltr'><strong>erat</strong></span> <span class='ocrx_word' id='word_1_25' title='bbox 904 622 971 662; x_wconf 85' lang='lat' dir='ltr'><strong>tnnc</strong></span> <span class='ocrx_word' id='word_1_26' title='bbox 983 614 1109 682; x_wconf 86' lang='lat' dir='ltr'><strong>temporis</strong></span> <span class='ocrx_word' id='word_1_27' title='bbox 1120 626 1186 664; x_wconf 87' lang='lat' dir='ltr'><strong>tem·</strong></span> 
     </span>
     <span class='ocr_line' id='line_1_4' title="bbox 136 685 1185 767; baseline -0.007 -18"><span class='ocrx_word' id='word_1_28' title='bbox 136 697 212 767; x_wconf 89' lang='lat' dir='ltr'><strong>plum</strong></span> <span class='ocrx_word' id='word_1_29' title='bbox 228 699 255 748; x_wconf 93' lang='lat' dir='ltr'><strong>in</strong></span> <span class='ocrx_word' id='word_1_30' title='bbox 274 693 391 747; x_wconf 83' lang='lat' dir='ltr'><strong>Palatino</strong></span> <span class='ocrx_word' id='word_1_31' title='bbox 408 689 521 741; x_wconf 67' lang='lat' dir='ltr'><strong>nomme</strong></span> <span class='ocrx_word' id='word_1_32' title='bbox 535 685 711 751; x_wconf 84' lang='lat' dir='ltr'><strong>celebratum,</strong></span> <span class='ocrx_word' id='word_1_33' title='bbox 727 685 769 738; x_wconf 85' lang='lat' dir='ltr'><strong>vel</strong></span> <span class='ocrx_word' id='word_1_34' title='bbox 783 686 840 737; x_wconf 87' lang='lat' dir='ltr'><strong>aliis</strong></span> <span class='ocrx_word' id='word_1_35' title='bbox 858 702 999 757; x_wconf 82' lang='lat' dir='ltr'><strong>poetarum</strong></span> <span class='ocrx_word' id='word_1_36' title='bbox 1016 690 1185 751; x_wconf 79' lang='lat' dir='ltr'><strong>numinibus3</strong></span> 
     </span>
     <span class='ocr_line' id='line_1_5' title="bbox 135 765 1185 841; baseline -0.019 -11"><span class='ocrx_word' id='word_1_37' title='bbox 135 776 199 829; x_wconf 85' lang='lat' dir='ltr'><strong>binc</strong></span> <span class='ocrx_word' id='word_1_38' title='bbox 217 777 312 828; x_wconf 83' lang='lat' dir='ltr'><strong>dixisse</strong></span> <span class='ocrx_word' id='word_1_39' title='bbox 331 773 366 824; x_wconf 83' lang='lat' dir='ltr'><strong>ad</strong></span> <span class='ocrx_word' id='word_1_40' title='bbox 384 787 455 824; x_wconf 81' lang='lat' dir='ltr'><strong>saera</strong></span> <span class='ocrx_word' id='word_1_41' title='bbox 470 777 557 820; x_wconf 84' lang='lat' dir='ltr'><strong>vatum</strong></span> <span class='ocrx_word' id='word_1_42' title='bbox 571 784 675 819; x_wconf 80' lang='lat' dir='ltr'><strong>cannen</strong></span> <span class='ocrx_word' id='word_1_43' title='bbox 688 765 775 838; x_wconf 71' lang='lat' dir='ltr'><strong>affero</strong></span> <span class='ocrx_word' id='word_1_44' title='bbox 791 776 921 833; x_wconf 84' lang='lat' dir='ltr'><strong>nostrum,</strong></span> <span class='ocrx_word' id='word_1_45' title='bbox 939 779 1079 840; x_wconf 87' lang='lat' dir='ltr'><strong>totumque</strong></span> <span class='ocrx_word' id='word_1_46' title='bbox 1091 769 1185 841; x_wconf 81' lang='lat' dir='ltr'><strong>pr010.</strong></span> 
     </span>
     <span class='ocr_line' id='line_1_6' title="bbox 135 847 1183 930; baseline -0.01 -21"><span class='ocrx_word' id='word_1_47' title='bbox 135 878 198 930; x_wconf 74' lang='lat' dir='ltr'><strong>gum</strong></span> <span class='ocrx_word' id='word_1_48' title='bbox 217 854 388 920; x_wconf 68' lang='lat' dir='ltr'><strong>iralrpeeltor</strong></span> <span class='ocrx_word' id='word_1_49' title='bbox 407 868 464 902; x_wconf 87' lang='lat' dir='ltr'><strong>esse</strong></span> <span class='ocrx_word' id='word_1_50' title='bbox 482 848 580 919; x_wconf 71' lang='lat' dir='ltr'><strong>genere</strong></span> <span class='ocrx_word' id='word_1_51' title='bbox 596 848 787 919; x_wconf 84' lang='lat' dir='ltr'><strong>pronuntiant,</strong></span> <span class='ocrx_word' id='word_1_52' title='bbox 808 848 857 898; x_wconf 91' lang='lat' dir='ltr'><strong>etsi</strong></span> <span class='ocrx_word' id='word_1_53' title='bbox 878 847 962 899; x_wconf 82' lang='lat' dir='ltr'><strong>forma</strong></span> <span class='ocrx_word' id='word_1_54' title='bbox 979 849 1012 898; x_wconf 88' lang='lat' dir='ltr'><strong>sit</strong></span> <span class='ocrx_word' id='word_1_55' title='bbox 1028 850 1183 901; x_wconf 87' lang='lat' dir='ltr'><strong>irrisorium.</strong></span> 
     </span>
     <span class='ocr_line' id='line_1_7' title="bbox 136 925 1187 1005; baseline -0.01 -15"><span class='ocrx_word' id='word_1_56' title='bbox 136 938 210 1005; x_wconf 86' lang='lat' dir='ltr'><strong>Quas</strong></span> <span class='ocrx_word' id='word_1_57' title='bbox 220 933 455 987; x_wconf 84' lang='lat' dir='ltr'><strong>eruditissimorum</strong></span> <span class='ocrx_word' id='word_1_58' title='bbox 464 930 582 979; x_wconf 88' lang='lat' dir='ltr'><strong>virorum</strong></span> <span class='ocrx_word' id='word_1_59' title='bbox 592 928 734 978; x_wconf 84' lang='lat' dir='ltr'><strong>sententias</strong></span> <span class='ocrx_word' id='word_1_60' title='bbox 746 927 788 978; x_wconf 85' lang='lat' dir='ltr'><strong>vix</strong></span> <span class='ocrx_word' id='word_1_61' title='bbox 798 944 828 977; x_wconf 86' lang='lat' dir='ltr'><strong>ac</strong></span> <span class='ocrx_word' id='word_1_62' title='bbox 838 945 872 977; x_wconf 90' lang='lat' dir='ltr'><strong>ne</strong></span> <span class='ocrx_word' id='word_1_63' title='bbox 879 927 921 978; x_wconf 83' lang='lat' dir='ltr'><strong>rix</strong></span> <span class='ocrx_word' id='word_1_64' title='bbox 932 925 1039 999; x_wconf 83' lang='lat' dir='ltr'><strong>quidem</strong></span> <span class='ocrx_word' id='word_1_65' title='bbox 1050 927 1114 979; x_wconf 91' lang='lat' dir='ltr'><strong>huic</strong></span> <span class='ocrx_word' id='word_1_66' title='bbox 1126 949 1187 1001; x_wconf 92' lang='lat' dir='ltr'><strong>pro-</strong></span> 
     </span>
     <span class='ocr_line' id='line_1_8' title="bbox 134 1004 1186 1089; baseline -0.008 -19"><span class='ocrx_word' id='word_1_67' title='bbox 134 1019 197 1089; x_wconf 73' lang='lat' dir='ltr'><strong>logo</strong></span> <span class='ocrx_word' id='word_1_68' title='bbox 209 1016 352 1069; x_wconf 87' lang='lat' dir='ltr'><strong>convenire</strong></span> <span class='ocrx_word' id='word_1_69' title='bbox 364 1008 533 1073; x_wconf 85' lang='lat' dir='ltr'>crediderim,</span> <span class='ocrx_word' id='word_1_70' title='bbox 550 1008 578 1058; x_wconf 90' lang='lat' dir='ltr'><strong>in</strong></span> <span class='ocrx_word' id='word_1_71' title='bbox 594 1026 648 1079; x_wconf 85' lang='lat' dir='ltr'><strong>qno</strong></span> <span class='ocrx_word' id='word_1_72' title='bbox 663 1005 728 1058; x_wconf 85' lang='lat' dir='ltr'><strong>nihil</strong></span> <span class='ocrx_word' id='word_1_73' title='bbox 742 1004 814 1058; x_wconf 89' lang='lat' dir='ltr'><strong>aliud</strong></span> <span class='ocrx_word' id='word_1_74' title='bbox 828 1007 878 1058; x_wconf 92' lang='lat' dir='ltr'><strong>sibi</strong></span> <span class='ocrx_word' id='word_1_75' title='bbox 891 1011 1064 1080; x_wconf 79' lang='lat' dir='ltr'><strong>proposuisse</strong></span> <span class='ocrx_word' id='word_1_76' title='bbox 1082 1009 1186 1062; x_wconf 85' lang='lat' dir='ltr'><strong>videtur</strong></span> 
     </span>
     <span class='ocr_line' id='line_1_9' title="bbox 135 1086 1185 1169; baseline -0.007 -19"><span class='ocrx_word' id='word_1_77' title='bbox 135 1101 252 1164; x_wconf 77' lang='lat' dir='ltr'><strong>Persius,</strong></span> <span class='ocrx_word' id='word_1_78' title='bbox 263 1114 342 1169; x_wconf 87' lang='lat' dir='ltr'><strong>quam</strong></span> <span class='ocrx_word' id='word_1_79' title='bbox 354 1107 384 1145; x_wconf 90' lang='lat' dir='ltr'><strong>ut</strong></span> <span class='ocrx_word' id='word_1_80' title='bbox 397 1090 481 1143; x_wconf 88' lang='lat' dir='ltr'><strong>malos</strong></span> <span class='ocrx_word' id='word_1_81' title='bbox 491 1100 585 1160; x_wconf 82' lang='lat' dir='ltr'><strong>poetas</strong></span> <span class='ocrx_word' id='word_1_82' title='bbox 595 1086 728 1152; x_wconf 79' lang='lat' dir='ltr'><strong>irrideret,</strong></span> <span class='ocrx_word' id='word_1_83' title='bbox 739 1096 852 1160; x_wconf 80' lang='lat' dir='ltr'><strong>qnorum</strong></span> <span class='ocrx_word' id='word_1_84' title='bbox 862 1107 892 1140; x_wconf 89' lang='lat' dir='ltr'><strong>ea</strong></span> <span class='ocrx_word' id='word_1_85' title='bbox 905 1102 1062 1161; x_wconf 74' lang='lat' dir='ltr'><strong>tempestate</strong></span> <span class='ocrx_word' id='word_1_86' title='bbox 1073 1110 1185 1159; x_wconf 74' lang='lat' dir='ltr'><strong>magnus</strong></span> 
     </span>
     <span class='ocr_line' id='line_1_10' title="bbox 135 1165 1185 1245; baseline -0.009 -14"><span class='ocrx_word' id='word_1_87' title='bbox 135 1192 190 1231; x_wconf 88' lang='lat' dir='ltr'><strong>erat</strong></span> <span class='ocrx_word' id='word_1_88' title='bbox 204 1181 293 1229; x_wconf 81' lang='lat' dir='ltr'><strong>Rornae</strong></span> <span class='ocrx_word' id='word_1_89' title='bbox 307 1183 464 1245; x_wconf 89' lang='lat' dir='ltr'><strong>proventus,</strong></span> <span class='ocrx_word' id='word_1_90' title='bbox 477 1171 523 1240; x_wconf 91' lang='lat' dir='ltr'><strong>qui</strong></span> <span class='ocrx_word' id='word_1_91' title='bbox 536 1169 655 1239; x_wconf 82' lang='lat' dir='ltr'><strong>speciosa</strong></span> <span class='ocrx_word' id='word_1_92' title='bbox 671 1181 697 1218; x_wconf 92' lang='lat' dir='ltr'><strong>et</strong></span> <span class='ocrx_word' id='word_1_93' title='bbox 711 1168 800 1218; x_wconf 90' lang='lat' dir='ltr'><strong>inania</strong></span> <span class='ocrx_word' id='word_1_94' title='bbox 815 1165 848 1219; x_wconf 93' lang='lat' dir='ltr'><strong>de</strong></span> <span class='ocrx_word' id='word_1_95' title='bbox 863 1187 891 1219; x_wconf 89' lang='lat' dir='ltr'><strong>se</strong></span> <span class='ocrx_word' id='word_1_96' title='bbox 907 1168 1102 1239; x_wconf 74' lang='lat' dir='ltr'><strong>predicabant,</strong></span> <span class='ocrx_word' id='word_1_97' title='bbox 1115 1173 1185 1222; x_wconf 81' lang='lat' dir='ltr'><strong>farne</strong></span> 
     </span>
     <span class='ocr_line' id='line_1_11' title="bbox 135 1249 1185 1323; baseline -0.006 -12"><span class='ocrx_word' id='word_1_98' title='bbox 135 1261 286 1312; x_wconf 78' lang='lat' dir='ltr'><strong>laborantes</strong></span> <span class='ocrx_word' id='word_1_99' title='bbox 295 1270 321 1308; x_wconf 93' lang='lat' dir='ltr'><strong>et</strong></span> <span class='ocrx_word' id='word_1_100' title='bbox 330 1255 400 1305; x_wconf 85' lang='lat' dir='ltr'><strong>mala</strong></span> <span class='ocrx_word' id='word_1_101' title='bbox 409 1252 477 1304; x_wconf 86' lang='lat' dir='ltr'><strong>lucri</strong></span> <span class='ocrx_word' id='word_1_102' title='bbox 487 1249 620 1323; x_wconf 86' lang='lat' dir='ltr'><strong>cupidine.</strong></span> <span class='ocrx_word' id='word_1_103' title='bbox 629 1251 730 1300; x_wconf 86' lang='lat' dir='ltr'><strong>Horum</strong></span> <span class='ocrx_word' id='word_1_104' title='bbox 738 1252 854 1300; x_wconf 88' lang='lat' dir='ltr'><strong>omnium</strong></span> <span class='ocrx_word' id='word_1_105' title='bbox 862 1250 989 1321; x_wconf 82' lang='lat' dir='ltr'><strong>prologos</strong></span> <span class='ocrx_word' id='word_1_106' title='bbox 999 1252 1143 1305; x_wconf 84' lang='lat' dir='ltr'><strong>insolentes</strong></span> <span class='ocrx_word' id='word_1_107' title='bbox 1154 1272 1185 1305; x_wconf 87' lang='lat' dir='ltr'><strong>ac</strong></span> 
     </span>
     <span class='ocr_line' id='line_1_12' title="bbox 135 1329 1186 1406; baseline -0.01 -11"><span class='ocrx_word' id='word_1_108' title='bbox 135 1338 245 1395; x_wconf 87' lang='lat' dir='ltr'><strong>stblidos</strong></span> <span class='ocrx_word' id='word_1_109' title='bbox 260 1336 448 1406; x_wconf 86' lang='lat' dir='ltr'><strong>obsoletosque</strong></span> <span class='ocrx_word' id='word_1_110' title='bbox 462 1349 534 1383; x_wconf 84' lang='lat' dir='ltr'><strong>noro</strong></span> <span class='ocrx_word' id='word_1_111' title='bbox 549 1329 664 1402; x_wconf 84' lang='lat' dir='ltr'><strong>quodam</strong></span> <span class='ocrx_word' id='word_1_112' title='bbox 681 1349 777 1401; x_wconf 75' lang='lat' dir='ltr'><strong>genere</strong></span> <span class='ocrx_word' id='word_1_113' title='bbox 797 1330 902 1400; x_wconf 75' lang='lat' dir='ltr'><strong>prologi</strong></span> <span class='ocrx_word' id='word_1_114' title='bbox 919 1330 1078 1403; x_wconf 76' lang='lat' dir='ltr'><strong>redarguere</strong></span> <span class='ocrx_word' id='word_1_115' title='bbox 1094 1348 1186 1386; x_wconf 90' lang='lat' dir='ltr'><strong>noster</strong></span> 
     </span>
     <span class='ocr_line' id='line_1_13' title="bbox 134 1413 1184 1485; baseline -0.005 -12"><span class='ocrx_word' id='word_1_116' title='bbox 134 1423 255 1475; x_wconf 88' lang='lat' dir='ltr'><strong>instituit.</strong></span> <span class='ocrx_word' id='word_1_117' title='bbox 266 1417 428 1470; x_wconf 86' lang='lat' dir='ltr'><strong>Rusticitatis</strong></span> <span class='ocrx_word' id='word_1_118' title='bbox 441 1414 571 1485; x_wconf 83' lang='lat' dir='ltr'><strong>speeiem,</strong></span> <span class='ocrx_word' id='word_1_119' title='bbox 580 1426 605 1464; x_wconf 89' lang='lat' dir='ltr'><strong>et</strong></span> <span class='ocrx_word' id='word_1_120' title='bbox 616 1413 810 1483; x_wconf 84' lang='lat' dir='ltr'><strong>professionem</strong></span> <span class='ocrx_word' id='word_1_121' title='bbox 820 1416 996 1483; x_wconf 73' lang='lat' dir='ltr'><strong>paupertatis,</strong></span> <span class='ocrx_word' id='word_1_122' title='bbox 1006 1427 1031 1467; x_wconf 91' lang='lat' dir='ltr'><strong>et</strong></span> <span class='ocrx_word' id='word_1_123' title='bbox 1041 1418 1068 1466; x_wconf 91' lang='lat' dir='ltr'><strong>in</strong></span> <span class='ocrx_word' id='word_1_124' title='bbox 1080 1415 1184 1468; x_wconf 84' lang='lat' dir='ltr'><strong>edendo</strong></span> 
     </span>
     <span class='ocr_line' id='line_1_14' title="bbox 133 1493 1185 1563; baseline -0.006 -8"><span class='ocrx_word' id='word_1_125' title='bbox 133 1504 250 1555; x_wconf 82' lang='lat' dir='ltr'><strong>carmine</strong></span> <span class='ocrx_word' id='word_1_126' title='bbox 267 1496 405 1551; x_wconf 90' lang='lat' dir='ltr'><strong>incondito</strong></span> <span class='ocrx_word' id='word_1_127' title='bbox 419 1495 593 1548; x_wconf 75' lang='lat' dir='ltr'><strong>temeritatem</strong></span> <span class='ocrx_word' id='word_1_128' title='bbox 608 1512 661 1563; x_wconf 76' lang='lat' dir='ltr'><strong>pre</strong></span> <span class='ocrx_word' id='word_1_129' title='bbox 673 1511 701 1545; x_wconf 88' lang='lat' dir='ltr'><strong>se</strong></span> <span class='ocrx_word' id='word_1_130' title='bbox 719 1493 779 1544; x_wconf 87' lang='lat' dir='ltr'><strong>tulit</strong></span> <span class='ocrx_word' id='word_1_131' title='bbox 792 1511 846 1543; x_wconf 91' lang='lat' dir='ltr'><strong>non</strong></span> <span class='ocrx_word' id='word_1_132' title='bbox 857 1495 1020 1547; x_wconf 80' lang='lat' dir='ltr'><strong>necessitatis</strong></span> <span class='ocrx_word' id='word_1_133' title='bbox 1031 1515 1126 1562; x_wconf 85' lang='lat' dir='ltr'><strong>causa,</strong></span> <span class='ocrx_word' id='word_1_134' title='bbox 1138 1496 1185 1549; x_wconf 85' lang='lat' dir='ltr'><strong>sed</strong></span> 
     </span>
     <span class='ocr_line' id='line_1_15' title="bbox 132 1573 928 1648; baseline -0.015 -14"><span class='ocrx_word' id='word_1_135' title='bbox 132 1582 238 1642; x_wconf 86' lang='lat' dir='ltr'><strong>ironire;</strong></span> <span class='ocrx_word' id='word_1_136' title='bbox 252 1578 393 1648; x_wconf 83' lang='lat' dir='ltr'><strong>satirisque</strong></span> <span class='ocrx_word' id='word_1_137' title='bbox 405 1574 540 1645; x_wconf 84' lang='lat' dir='ltr'><strong>inscripsit</strong></span> <span class='ocrx_word' id='word_1_138' title='bbox 549 1573 729 1645; x_wconf 82' lang='lat' dir='ltr'><strong>praelationem</strong></span> <span class='ocrx_word' id='word_1_139' title='bbox 741 1573 882 1625; x_wconf 70' lang='lat' dir='ltr'><strong>satiricum.</strong></span> <span class='ocrx_word' id='word_1_140' title='bbox 923 1586 928 1593; x_wconf 91' lang='grc'><em>·</em></span> 
     </span>
    </p>
   </div>
   <div class='ocr_carea' id='block_1_3' title="bbox 129 1768 1185 3601">
    <p class='ocr_par' dir='ltr' id='par_1_3' title="bbox 129 1768 1185 3601">
     <span class='ocr_line' id='line_1_16' title="bbox 168 1768 1183 1848; baseline -0.002 -17"><span class='ocrx_word' id='word_1_141' title='bbox 168 1780 256 1831; x_wconf 72' lang='lat' dir='ltr'><strong>Norn.</strong></span> <span class='ocrx_word' id='word_1_142' title='bbox 280 1795 301 1829; x_wconf 85' lang='lat' dir='ltr'><strong>r.</strong></span> <span class='ocrx_word' id='word_1_143' title='bbox 315 1768 729 1845; x_wconf 63' lang='lat' dir='ltr'><strong>tentabamus-Pratum</strong></span> <span class='ocrx_word' id='word_1_144' title='bbox 736 1771 1183 1848; x_wconf 70' lang='lat' dir='ltr'><strong>promidelacere,rigare,sa=pins</strong></span> 
     </span>
     <span class='ocr_line' id='line_1_17' title="bbox 132 1847 1182 1933; baseline -0.004 -21"><span class='ocrx_word' id='word_1_145' title='bbox 132 1851 250 1933; x_wconf 74' lang='lat' dir='ltr'><strong>ponitur.</strong></span> <span class='ocrx_word' id='word_1_146' title='bbox 267 1853 392 1909; x_wconf 81' lang='lat' dir='ltr'><strong>Prolnere</strong></span> <span class='ocrx_word' id='word_1_147' title='bbox 406 1870 434 1906; x_wconf 88' lang='lat' dir='ltr'><strong>ae</strong></span> <span class='ocrx_word' id='word_1_148' title='bbox 448 1853 524 1913; x_wconf 87' lang='lat' dir='ltr'><strong>vino,</strong></span> <span class='ocrx_word' id='word_1_149' title='bbox 539 1863 585 1902; x_wconf 85' lang='lat' dir='ltr'><strong>aut</strong></span> <span class='ocrx_word' id='word_1_150' title='bbox 597 1847 687 1923; x_wconf 80' lang='lat' dir='ltr'><strong>prolui</strong></span> <span class='ocrx_word' id='word_1_151' title='bbox 698 1852 776 1915; x_wconf 68' lang='lat' dir='ltr'><strong>nno,</strong></span> <span class='ocrx_word' id='word_1_152' title='bbox 789 1870 839 1923; x_wconf 87' lang='lat' dir='ltr'><strong>pro</strong></span> <span class='ocrx_word' id='word_1_153' title='bbox 851 1863 960 1921; x_wconf 75' lang='lat' dir='ltr'><strong>epotare</strong></span> <span class='ocrx_word' id='word_1_154' title='bbox 973 1855 1078 1917; x_wconf 77' lang='lat' dir='ltr'><strong>sinum,</strong></span> <span class='ocrx_word' id='word_1_155' title='bbox 1092 1858 1182 1908; x_wconf 78' lang='lat' dir='ltr'><strong>vinum</strong></span> 
     </span>
     <span class='ocr_line' id='line_1_18' title="bbox 133 1929 1182 2010; baseline 0 -21"><span class='ocrx_word' id='word_1_156' title='bbox 133 1940 230 2010; x_wconf 75' lang='lat' dir='ltr'><strong>largius</strong></span> <span class='ocrx_word' id='word_1_157' title='bbox 238 1936 351 1989; x_wconf 76' lang='lat' dir='ltr'><strong>haurire.</strong></span> <span class='ocrx_word' id='word_1_158' title='bbox 360 1932 434 2003; x_wconf 73' lang='lat' dir='ltr'><strong>virg.</strong></span> <span class='ocrx_word' id='word_1_159' title='bbox 443 1929 578 1995; x_wconf 77' lang='lat' dir='ltr'><strong>AEneid.l,</strong></span> <span class='ocrx_word' id='word_1_160' title='bbox 588 1930 651 2000; x_wconf 78' lang='lat'><strong>538:</strong></span> <span class='ocrx_word' id='word_1_161' title='bbox 667 1930 991 2004; x_wconf 77' lang='lat' dir='ltr'><strong>sPle&#39;noseprolnitauro.</strong></span> <span class='ocrx_word' id='word_1_162' title='bbox 1000 1956 1012 1980; x_wconf 72' lang='lat' dir='ltr'><em>u</em></span> <span class='ocrx_word' id='word_1_163' title='bbox 1026 1937 1117 1987; x_wconf 86' lang='lat' dir='ltr'><strong>Horat.</strong></span> <span class='ocrx_word' id='word_1_164' title='bbox 1129 1938 1182 1989; x_wconf 86' lang='lat' dir='ltr'><strong>Sat.</strong></span> 
     </span>
     <span class='ocr_line' id='line_1_19' title="bbox 132 2008 1183 2086; baseline 0 -19"><span class='ocrx_word' id='word_1_165' title='bbox 132 2021 158 2085; x_wconf 78' lang='grc' dir='ltr'><strong>Ι,</strong></span> <span class='ocrx_word' id='word_1_166' title='bbox 167 2019 196 2084; x_wconf 83' lang='grc'><strong>5,</strong></span> <span class='ocrx_word' id='word_1_167' title='bbox 208 2016 251 2071; x_wconf 77' lang='lat' dir='ltr'><strong>ib:</strong></span> <span class='ocrx_word' id='word_1_168' title='bbox 263 2039 274 2062; x_wconf 70' lang='lat' dir='ltr'><strong>a</strong></span> <span class='ocrx_word' id='word_1_169' title='bbox 285 2013 369 2068; x_wconf 86' lang='lat' dir='ltr'><strong>Multa</strong></span> <span class='ocrx_word' id='word_1_170' title='bbox 375 2010 493 2086; x_wconf 80' lang='lat' dir='ltr'><strong>prolutus</strong></span> <span class='ocrx_word' id='word_1_171' title='bbox 502 2028 596 2082; x_wconf 84' lang='lat' dir='ltr'><strong>vappa.</strong></span> <span class='ocrx_word' id='word_1_172' title='bbox 606 2034 616 2057; x_wconf 82' lang='grc' dir='ltr'>ι</span> <span class='ocrx_word' id='word_1_173' title='bbox 627 2008 692 2078; x_wconf 78' lang='lat' dir='ltr'><strong>Quae</strong></span> <span class='ocrx_word' id='word_1_174' title='bbox 699 2012 736 2061; x_wconf 79' lang='lat' dir='ltr'><strong>ris</strong></span> <span class='ocrx_word' id='word_1_175' title='bbox 744 2009 806 2063; x_wconf 90' lang='lat' dir='ltr'><strong>huic</strong></span> <span class='ocrx_word' id='word_1_176' title='bbox 814 2011 875 2063; x_wconf 88' lang='lat' dir='ltr'><strong>loeo</strong></span> <span class='ocrx_word' id='word_1_177' title='bbox 883 2010 950 2064; x_wconf 88' lang='lat' dir='ltr'><strong>bene</strong></span> <span class='ocrx_word' id='word_1_178' title='bbox 959 2016 1096 2066; x_wconf 81' lang='lat' dir='ltr'><strong>convenit:</strong></span> <span class='ocrx_word' id='word_1_179' title='bbox 1107 2035 1183 2079; x_wconf 84' lang='lat' dir='ltr'><strong>narn,</strong></span> 
     </span>
     <span class='ocr_line' id='line_1_20' title="bbox 132 2090 1184 2170; baseline -0.001 -20"><span class='ocrx_word' id='word_1_180' title='bbox 132 2113 162 2151; x_wconf 91' lang='lat' dir='ltr'><strong>ut</strong></span> <span class='ocrx_word' id='word_1_181' title='bbox 171 2094 257 2170; x_wconf 76' lang='lat' dir='ltr'><strong>poeta</strong></span> <span class='ocrx_word' id='word_1_182' title='bbox 267 2096 383 2167; x_wconf 81' lang='lat' dir='ltr'><strong>antiqui,</strong></span> <span class='ocrx_word' id='word_1_183' title='bbox 393 2094 439 2166; x_wconf 87' lang='lat' dir='ltr'><strong>qni</strong></span> <span class='ocrx_word' id='word_1_184' title='bbox 449 2091 623 2144; x_wconf 79' lang='lat' dir='ltr'><strong>modestiores</strong></span> <span class='ocrx_word' id='word_1_185' title='bbox 633 2102 734 2153; x_wconf 79' lang='lat' dir='ltr'><strong>essent,</strong></span> <span class='ocrx_word' id='word_1_186' title='bbox 745 2108 773 2144; x_wconf 93' lang='lat' dir='ltr'><strong>se</strong></span> <span class='ocrx_word' id='word_1_187' title='bbox 783 2090 880 2145; x_wconf 87' lang='lat' dir='ltr'><strong>bibisse</strong></span> <span class='ocrx_word' id='word_1_188' title='bbox 890 2102 994 2145; x_wconf 84' lang='lat' dir='ltr'><strong>tantum</strong></span> <span class='ocrx_word' id='word_1_189' title='bbox 1003 2110 1034 2146; x_wconf 82' lang='lat' dir='ltr'><strong>ex</strong></span> <span class='ocrx_word' id='word_1_190' title='bbox 1044 2096 1184 2149; x_wconf 83' lang='lat' dir='ltr'><strong>Musarum</strong></span> 
     </span>
     <span class='ocr_line' id='line_1_21' title="bbox 132 2168 1183 2242; baseline -0.004 -12"><span class='ocrx_word' id='word_1_191' title='bbox 132 2176 251 2231; x_wconf 83' lang='lat' dir='ltr'><strong>fontibus</strong></span> <span class='ocrx_word' id='word_1_192' title='bbox 271 2174 406 2239; x_wconf 85' lang='lat' dir='ltr'><strong>dixenmt,</strong></span> <span class='ocrx_word' id='word_1_193' title='bbox 423 2189 516 2224; x_wconf 90' lang='lat' dir='ltr'><strong>eorum</strong></span> <span class='ocrx_word' id='word_1_194' title='bbox 532 2168 678 2223; x_wconf 82' lang='lat' dir='ltr'><strong>imitatores</strong></span> <span class='ocrx_word' id='word_1_195' title='bbox 698 2189 752 2222; x_wconf 92' lang='lat' dir='ltr'><strong>non</strong></span> <span class='ocrx_word' id='word_1_196' title='bbox 768 2182 916 2242; x_wconf 89' lang='lat' dir='ltr'><strong>potnerunt</strong></span> <span class='ocrx_word' id='word_1_197' title='bbox 932 2189 990 2225; x_wconf 85' lang='lat' dir='ltr'><strong>csse</strong></span> <span class='ocrx_word' id='word_1_198' title='bbox 1010 2171 1056 2224; x_wconf 88' lang='lat' dir='ltr'><strong>illo</strong></span> <span class='ocrx_word' id='word_1_199' title='bbox 1075 2175 1183 2228; x_wconf 78' lang='lat' dir='ltr'><strong>modico</strong></span> 
     </span>
     <span class='ocr_line' id='line_1_22' title="bbox 131 2247 1183 2322; baseline -0.001 -14"><span class='ocrx_word' id='word_1_200' title='bbox 131 2252 229 2308; x_wconf 80' lang='lat' dir='ltr'><strong>liaustu</strong></span> <span class='ocrx_word' id='word_1_201' title='bbox 242 2253 375 2318; x_wconf 91' lang='lat' dir='ltr'><strong>contenti,</strong></span> <span class='ocrx_word' id='word_1_202' title='bbox 393 2252 496 2322; x_wconf 89' lang='lat' dir='ltr'><strong>ipsique</strong></span> <span class='ocrx_word' id='word_1_203' title='bbox 512 2268 581 2320; x_wconf 85' lang='lat' dir='ltr'><strong>aqua</strong></span> <span class='ocrx_word' id='word_1_204' title='bbox 598 2247 643 2300; x_wconf 85' lang='lat' dir='ltr'><strong>illa</strong></span> <span class='ocrx_word' id='word_1_205' title='bbox 659 2249 790 2321; x_wconf 81' lang='lat' dir='ltr'><strong>Apollinis</strong></span> <span class='ocrx_word' id='word_1_206' title='bbox 807 2263 833 2302; x_wconf 91' lang='lat' dir='ltr'><strong>et</strong></span> <span class='ocrx_word' id='word_1_207' title='bbox 847 2252 984 2303; x_wconf 78' lang='lat' dir='ltr'><strong>Musarum</strong></span> <span class='ocrx_word' id='word_1_208' title='bbox 995 2254 1105 2305; x_wconf 89' lang='lat' dir='ltr'><strong>numine</strong></span> <span class='ocrx_word' id='word_1_209' title='bbox 1120 2268 1146 2306; x_wconf 89' lang='lat' dir='ltr'><strong>et</strong></span> <span class='ocrx_word' id='word_1_210' title='bbox 1158 2257 1183 2306; x_wconf 86' lang='lat' dir='ltr'><strong>ri</strong></span> 
     </span>
     <span class='ocr_line' id='line_1_23' title="bbox 133 2328 1185 2402; baseline -0.002 -14"><span class='ocrx_word' id='word_1_211' title='bbox 133 2336 262 2388; x_wconf 89' lang='lat' dir='ltr'><strong>medicata</strong></span> <span class='ocrx_word' id='word_1_212' title='bbox 277 2334 379 2386; x_wconf 79' lang='lat' dir='ltr'><strong>affatim</strong></span> <span class='ocrx_word' id='word_1_213' title='bbox 393 2329 488 2401; x_wconf 88' lang='lat' dir='ltr'><strong>repleti</strong></span> <span class='ocrx_word' id='word_1_214' title='bbox 501 2347 556 2381; x_wconf 87' lang='lat' dir='ltr'><strong>esse</strong></span> <span class='ocrx_word' id='word_1_215' title='bbox 567 2329 723 2394; x_wconf 83' lang='lat' dir='ltr'><strong>voluerunt,</strong></span> <span class='ocrx_word' id='word_1_216' title='bbox 739 2340 871 2402; x_wconf 70' lang='lat' dir='ltr'><strong>totamque</strong></span> <span class='ocrx_word' id='word_1_217' title='bbox 883 2328 979 2397; x_wconf 83' lang='lat' dir='ltr'><strong>solent,</strong></span> <span class='ocrx_word' id='word_1_218' title='bbox 998 2342 1028 2382; x_wconf 88' lang='lat' dir='ltr'><strong>nt</strong></span> <span class='ocrx_word' id='word_1_219' title='bbox 1045 2335 1081 2385; x_wconf 84' lang='lat' dir='ltr'><strong>sit</strong></span> <span class='ocrx_word' id='word_1_220' title='bbox 1095 2334 1185 2387; x_wconf 79' lang='lat' dir='ltr'><strong>Auso-</strong></span> 
     </span>
     <span class='ocr_line' id='line_1_24' title="bbox 132 2406 1183 2485; baseline 0.001 -20"><span class='ocrx_word' id='word_1_221' title='bbox 132 2416 205 2481; x_wconf 83' lang='lat' dir='ltr'><strong>nios,</strong></span> <span class='ocrx_word' id='word_1_222' title='bbox 223 2408 328 2466; x_wconf 81' lang='lat' dir='ltr'><strong>haurire</strong></span> <span class='ocrx_word' id='word_1_223' title='bbox 337 2406 503 2485; x_wconf 62' lang='lat' dir='ltr'><strong>Aganippeni</strong></span> <span class='ocrx_word' id='word_1_224' title='bbox 519 2406 588 2461; x_wconf 87' lang='lat' dir='ltr'><strong>Illud</strong></span> <span class='ocrx_word' id='word_1_225' title='bbox 604 2410 683 2479; x_wconf 65' lang='lat' dir='ltr'><strong>igitur</strong></span> <span class='ocrx_word' id='word_1_226' title='bbox 695 2408 764 2461; x_wconf 90' lang='lat' dir='ltr'><strong>ridet</strong></span> <span class='ocrx_word' id='word_1_227' title='bbox 775 2410 894 2474; x_wconf 79' lang='lat' dir='ltr'><strong>Persius,</strong></span> <span class='ocrx_word' id='word_1_228' title='bbox 909 2426 992 2481; x_wconf 84' lang='lat' dir='ltr'><strong>quum</strong></span> <span class='ocrx_word' id='word_1_229' title='bbox 1003 2410 1183 2466; x_wconf 83' lang='lat' dir='ltr'><strong>illavoceuti·</strong></span> 
     </span>
     <span class='ocr_line' id='line_1_25' title="bbox 132 2486 1183 2565; baseline 0 -20"><span class='ocrx_word' id='word_1_230' title='bbox 132 2504 175 2544; x_wconf 90' lang='lat' dir='ltr'><strong>tur</strong></span> <span class='ocrx_word' id='word_1_231' title='bbox 189 2491 288 2565; x_wconf 78' lang='lat' dir='ltr'><strong>prolui.</strong></span> <span class='ocrx_word' id='word_1_232' title='bbox 307 2486 437 2542; x_wconf 73' lang='lat' dir='ltr'><strong>Nonnulli</strong></span> <span class='ocrx_word' id='word_1_233' title='bbox 452 2494 540 2541; x_wconf 81' lang='lat' dir='ltr'><strong>tarden</strong></span> <span class='ocrx_word' id='word_1_234' title='bbox 556 2490 713 2559; x_wconf 84' lang='lat' dir='ltr'><strong>interpretes</strong></span> <span class='ocrx_word' id='word_1_235' title='bbox 731 2488 804 2541; x_wconf 81' lang='lat' dir='ltr'><strong>labro</strong></span> <span class='ocrx_word' id='word_1_236' title='bbox 821 2487 910 2561; x_wconf 73' lang='lat' dir='ltr'><strong>prolui</strong></span> <span class='ocrx_word' id='word_1_237' title='bbox 926 2491 963 2542; x_wconf 89' lang='lat' dir='ltr'><strong>sic</strong></span> <span class='ocrx_word' id='word_1_238' title='bbox 980 2489 1132 2562; x_wconf 82' lang='lat' dir='ltr'><strong>explicant:</strong></span> <span class='ocrx_word' id='word_1_239' title='bbox 1149 2512 1183 2545; x_wconf 84' lang='lat' dir='ltr'><strong>ne</strong></span> 
     </span>
     <span class='ocr_line' id='line_1_26' title="bbox 132 2567 1182 2645; baseline 0.004 -22"><span class='ocrx_word' id='word_1_240' title='bbox 132 2570 292 2645; x_wconf 85' lang='lat' dir='ltr'><strong>prirnoribus</strong></span> <span class='ocrx_word' id='word_1_241' title='bbox 310 2567 416 2642; x_wconf 90' lang='lat' dir='ltr'><strong>q&#39;uidem</strong></span> <span class='ocrx_word' id='word_1_242' title='bbox 430 2567 511 2621; x_wconf 84' lang='lat' dir='ltr'><strong>labris</strong></span> <span class='ocrx_word' id='word_1_243' title='bbox 530 2569 617 2640; x_wconf 73' lang='lat' dir='ltr'><strong>attigi;</strong></span> <span class='ocrx_word' id='word_1_244' title='bbox 632 2571 659 2620; x_wconf 90' lang='lat' dir='ltr'><strong>in</strong></span> <span class='ocrx_word' id='word_1_245' title='bbox 677 2573 729 2641; x_wconf 66' lang='lat' dir='ltr'><strong>qua</strong></span> <span class='ocrx_word' id='word_1_246' title='bbox 745 2571 964 2641; x_wconf 74' lang='lat' dir='ltr'><strong>interpretatione</strong></span> <span class='ocrx_word' id='word_1_247' title='bbox 979 2573 1017 2623; x_wconf 84' lang='lat' dir='ltr'><strong>vis</strong></span> <span class='ocrx_word' id='word_1_248' title='bbox 1035 2575 1092 2644; x_wconf 85' lang='lat' dir='ltr'><strong>ejus</strong></span> <span class='ocrx_word' id='word_1_249' title='bbox 1107 2575 1182 2627; x_wconf 81' lang='lat' dir='ltr'><strong>verbi</strong></span> 
     </span>
     <span class='ocr_line' id='line_1_27' title="bbox 129 2644 1184 2725; baseline 0.004 -21"><span class='ocrx_word' id='word_1_250' title='bbox 129 2651 220 2725; x_wconf 83' lang='lat' dir='ltr'><strong>prolui</strong></span> <span class='ocrx_word' id='word_1_251' title='bbox 228 2652 334 2704; x_wconf 83' lang='lat' dir='ltr'><strong>minime</strong></span> <span class='ocrx_word' id='word_1_252' title='bbox 344 2649 409 2702; x_wconf 88' lang='lat' dir='ltr'><strong>mihi</strong></span> <span class='ocrx_word' id='word_1_253' title='bbox 417 2644 522 2702; x_wconf 80' lang='lat' dir='ltr'><strong>ridetilr</strong></span> <span class='ocrx_word' id='word_1_254' title='bbox 531 2650 613 2703; x_wconf 82' lang='lat' dir='ltr'><strong>fultae</strong></span> <span class='ocrx_word' id='word_1_255' title='bbox 624 2652 740 2716; x_wconf 68' lang='lat' dir='ltr'><strong>senata,</strong></span> <span class='ocrx_word' id='word_1_256' title='bbox 751 2650 824 2722; x_wconf 89' lang='lat' dir='ltr'><strong>qnod</strong></span> <span class='ocrx_word' id='word_1_257' title='bbox 833 2648 974 2721; x_wconf 70' lang='lat' dir='ltr'><strong>largiorem</strong></span> <span class='ocrx_word' id='word_1_258' title='bbox 987 2651 1112 2705; x_wconf 86' lang='lat' dir='ltr'><strong>haustum</strong></span> <span class='ocrx_word' id='word_1_259' title='bbox 1122 2674 1184 2725; x_wconf 90' lang='lat' dir='ltr'><strong>pro·</strong></span> 
     </span>
     <span class='ocr_line' id='line_1_28' title="bbox 132 2724 1183 2807; baseline 0.004 -21"><span class='ocrx_word' id='word_1_260' title='bbox 132 2730 176 2786; x_wconf 85' lang='lat' dir='ltr'><strong>cul</strong></span> <span class='ocrx_word' id='word_1_261' title='bbox 198 2731 280 2787; x_wconf 89' lang='lat' dir='ltr'><strong>dnbio</strong></span> <span class='ocrx_word' id='word_1_262' title='bbox 302 2732 409 2784; x_wconf 83' lang='lat' dir='ltr'><strong>indicat.</strong></span> <span class='ocrx_word' id='word_1_263' title='bbox 427 2732 519 2804; x_wconf 71' lang='lat' dir='ltr'><strong>Neque</strong></span> <span class='ocrx_word' id='word_1_264' title='bbox 538 2724 698 2804; x_wconf 52' lang='lat' dir='ltr'><strong>quemquam</strong></span> <span class='ocrx_word' id='word_1_265' title='bbox 711 2750 763 2784; x_wconf 83' lang='lat' dir='ltr'><strong>vox</strong></span> <span class='ocrx_word' id='word_1_266' title='bbox 777 2730 851 2785; x_wconf 74' lang='lat' dir='ltr'><strong>taem</strong></span> <span class='ocrx_word' id='word_1_267' title='bbox 864 2743 1005 2785; x_wconf 86' lang='lat' dir='ltr'><strong>moretur:</strong></span> <span class='ocrx_word' id='word_1_268' title='bbox 1024 2735 1183 2807; x_wconf 85' lang='lat' dir='ltr'><strong>metaphora</strong></span> 
     </span>
     <span class='ocr_line' id='line_1_29' title="bbox 132 2808 1185 2886; baseline 0.002 -22"><span class='ocrx_word' id='word_1_269' title='bbox 132 2810 202 2864; x_wconf 91' lang='lat' dir='ltr'><strong>enini</strong></span> <span class='ocrx_word' id='word_1_270' title='bbox 210 2811 290 2864; x_wconf 88' lang='lat' dir='ltr'><strong>ducta</strong></span> <span class='ocrx_word' id='word_1_271' title='bbox 300 2823 340 2863; x_wconf 89' lang='lat' dir='ltr'><strong>est</strong></span> <span class='ocrx_word' id='word_1_272' title='bbox 352 2808 535 2882; x_wconf 86' lang='lat' dir='ltr'><strong>apecudibus,</strong></span> <span class='ocrx_word' id='word_1_273' title='bbox 547 2814 604 2883; x_wconf 81' lang='lat' dir='ltr'><strong>q‘ute</strong></span> <span class='ocrx_word' id='word_1_274' title='bbox 611 2809 782 2863; x_wconf 83' lang='lat' dir='ltr'><strong>vehementer</strong></span> <span class='ocrx_word' id='word_1_275' title='bbox 791 2811 909 2864; x_wconf 89' lang='lat' dir='ltr'><strong>sitientes</strong></span> <span class='ocrx_word' id='word_1_276' title='bbox 916 2811 990 2864; x_wconf 87' lang='lat' dir='ltr'><strong>labra</strong></span> <span class='ocrx_word' id='word_1_277' title='bbox 996 2825 1022 2865; x_wconf 91' lang='lat' dir='ltr'><strong>et</strong></span> <span class='ocrx_word' id='word_1_278' title='bbox 1029 2824 1110 2865; x_wconf 85' lang='lat' dir='ltr'><strong>totam</strong></span> <span class='ocrx_word' id='word_1_279' title='bbox 1120 2833 1185 2886; x_wconf 89' lang='lat' dir='ltr'><strong>pro·</strong></span> 
     </span>
     <span class='ocr_line' id='line_1_30' title="bbox 131 2888 1182 2962; baseline 0.005 -20"><span class='ocrx_word' id='word_1_280' title='bbox 131 2888 269 2944; x_wconf 88' lang='lat' dir='ltr'><strong>boacidem</strong></span> <span class='ocrx_word' id='word_1_281' title='bbox 283 2889 359 2962; x_wconf 85' lang='lat' dir='ltr'><strong>aquis</strong></span> <span class='ocrx_word' id='word_1_282' title='bbox 375 2890 543 2960; x_wconf 65' lang='lat' dir='ltr'><strong>immergunt.</strong></span> <span class='ocrx_word' id='word_1_283' title='bbox 559 2890 636 2943; x_wconf 80' lang='lat' dir='ltr'><strong>Oonl.</strong></span> <span class='ocrx_word' id='word_1_284' title='bbox 650 2908 711 2941; x_wconf 88' lang='lat' dir='ltr'><strong>cum</strong></span> <span class='ocrx_word' id='word_1_285' title='bbox 721 2890 858 2962; x_wconf 87' lang='lat' dir='ltr'><strong>Propertio</strong></span> <span class='ocrx_word' id='word_1_286' title='bbox 871 2889 917 2942; x_wconf 89' lang='lat' dir='ltr'><strong>lib.</strong></span> <span class='ocrx_word' id='word_1_287' title='bbox 928 2893 977 2957; x_wconf 84' lang='lat' dir='ltr'><strong>lll,</strong></span> <span class='ocrx_word' id='word_1_288' title='bbox 994 2910 1022 2958; x_wconf 82' lang='lat' dir='ltr'><strong>a,</strong></span> <span class='ocrx_word' id='word_1_289' title='bbox 1036 2895 1084 2945; x_wconf 80' lang='lat'><strong>5²:</strong></span> <span class='ocrx_word' id='word_1_290' title='bbox 1098 2893 1182 2947; x_wconf 82' lang='lat' dir='ltr'><strong>Statio</strong></span> 
     </span>
     <span class='ocr_line' id='line_1_31' title="bbox 131 2966 1182 3042; baseline 0.002 -19"><span class='ocrx_word' id='word_1_291' title='bbox 131 2966 191 3023; x_wconf 76' lang='lat' dir='ltr'><strong>Sile.</strong></span> <span class='ocrx_word' id='word_1_292' title='bbox 212 2971 244 3035; x_wconf 84' lang='lat' dir='ltr'><strong>V,</strong></span> <span class='ocrx_word' id='word_1_293' title='bbox 261 2970 292 3035; x_wconf 82' lang='lat'><strong>3,</strong></span> <span class='ocrx_word' id='word_1_294' title='bbox 312 2968 500 3021; x_wconf 69' lang='lat' dir='ltr'><strong>raa-Fortis</strong></span> <span class='ocrx_word' id='word_1_295' title='bbox 516 2967 655 3022; x_wconf 80' lang='lat' dir='ltr'><strong>caballino.</strong></span> <span class='ocrx_word' id='word_1_296' title='bbox 669 2968 697 3020; x_wconf 90' lang='lat' dir='ltr'><strong>id</strong></span> <span class='ocrx_word' id='word_1_297' title='bbox 714 2983 768 3034; x_wconf 86' lang='lat' dir='ltr'><strong>eat,</strong></span> <span class='ocrx_word' id='word_1_298' title='bbox 787 2971 969 3042; x_wconf 78' lang='lat' dir='ltr'><strong>Hippocrene,</strong></span> <span class='ocrx_word' id='word_1_299' title='bbox 986 2988 1065 3042; x_wconf 84' lang='lat' dir='ltr'><strong>quem</strong></span> <span class='ocrx_word' id='word_1_300' title='bbox 1079 2973 1182 3025; x_wconf 78' lang='lat' dir='ltr'><strong>fontem</strong></span> 
     </span>
     <span class='ocr_line' id='line_1_32' title="bbox 131 3047 1181 3125; baseline 0.006 -28"><span class='ocrx_word' id='word_1_301' title='bbox 131 3048 259 3118; x_wconf 72' lang='lat' dir='ltr'><strong>Pegasus,</strong></span> <span class='ocrx_word' id='word_1_302' title='bbox 277 3058 305 3098; x_wconf 90' lang='lat' dir='ltr'><strong>nt</strong></span> <span class='ocrx_word' id='word_1_303' title='bbox 323 3047 412 3112; x_wconf 85' lang='lat' dir='ltr'><strong>aiunt,</strong></span> <span class='ocrx_word' id='word_1_304' title='bbox 426 3066 441 3099; x_wconf 89' lang='lat' dir='ltr'><strong>e</strong></span> <span class='ocrx_word' id='word_1_305' title='bbox 457 3060 526 3100; x_wconf 88' lang='lat' dir='ltr'><strong>terra</strong></span> <span class='ocrx_word' id='word_1_306' title='bbox 540 3048 645 3119; x_wconf 74' lang='lat' dir='ltr'><strong>ungulae</strong></span> <span class='ocrx_word' id='word_1_307' title='bbox 658 3049 714 3100; x_wconf 88' lang='lat' dir='ltr'><strong>ictu</strong></span> <span class='ocrx_word' id='word_1_308' title='bbox 734 3048 838 3100; x_wconf 78' lang='lat' dir='ltr'><strong>effudit.</strong></span> <span class='ocrx_word' id='word_1_309' title='bbox 861 3049 934 3101; x_wconf 78' lang='lat' dir='ltr'><strong>Arati</strong></span> <span class='ocrx_word' id='word_1_310' title='bbox 948 3048 1035 3102; x_wconf 85' lang='lat' dir='ltr'><strong>Phren.</strong></span> <span class='ocrx_word' id='word_1_311' title='bbox 1054 3052 1105 3104; x_wconf 77' lang='lat'><strong>205</strong></span> <span class='ocrx_word' id='word_1_312' title='bbox 1122 3071 1181 3125; x_wconf 79' lang='lat' dir='ltr'><strong>sqq.</strong></span> 
     </span>
     <span class='ocr_line' id='line_1_33' title="bbox 131 3114 1182 3203; baseline 0.003 -20"><span class='ocrx_word' id='word_1_313' title='bbox 131 3114 208 3183; x_wconf 78' lang='lat' dir='ltr'><strong>ovid.</strong></span> <span class='ocrx_word' id='word_1_314' title='bbox 224 3131 293 3182; x_wconf 82' lang='lat' dir='ltr'><strong>Fatt.</strong></span> <span class='ocrx_word' id='word_1_315' title='bbox 313 3130 362 3195; x_wconf 89' lang='lat' dir='ltr'><strong>Ill,</strong></span> <span class='ocrx_word' id='word_1_316' title='bbox 380 3129 432 3196; x_wconf 65' lang='lat'><strong>450</strong></span> <span class='ocrx_word' id='word_1_317' title='bbox 450 3147 507 3202; x_wconf 88' lang='lat' dir='ltr'><strong>sqq.</strong></span> <span class='ocrx_word' id='word_1_318' title='bbox 527 3129 592 3182; x_wconf 88' lang='lat' dir='ltr'><strong>lnde</strong></span> <span class='ocrx_word' id='word_1_319' title='bbox 605 3132 758 3202; x_wconf 89' lang='lat' dir='ltr'><strong>Propertius</strong></span> <span class='ocrx_word' id='word_1_320' title='bbox 777 3148 873 3203; x_wconf 86' lang='lat' dir='ltr'><strong>aquam</strong></span> <span class='ocrx_word' id='word_1_321' title='bbox 890 3133 1074 3203; x_wconf 77' lang='lat' dir='ltr'><strong>Hippocrenes</strong></span> <span class='ocrx_word' id='word_1_322' title='bbox 1092 3133 1182 3188; x_wconf 77' lang='lat' dir='ltr'><strong>hutno-</strong></span> 
     </span>
     <span class='ocr_line' id='line_1_34' title="bbox 132 3204 1183 3282; baseline 0.004 -21"><span class='ocrx_word' id='word_1_323' title='bbox 132 3204 185 3262; x_wconf 82' lang='lat' dir='ltr'><strong>re&#39;nt</strong></span> <span class='ocrx_word' id='word_1_324' title='bbox 200 3211 261 3282; x_wconf 79' lang='lat' dir='ltr'><strong>eqni</strong></span> <span class='ocrx_word' id='word_1_325' title='bbox 274 3206 486 3280; x_wconf 77' lang='lat' dir='ltr'><strong>Bellerophontei</strong></span> <span class='ocrx_word' id='word_1_326' title='bbox 501 3223 579 3262; x_wconf 83' lang='lat' dir='ltr'><strong>vocnt</strong></span> <span class='ocrx_word' id='word_1_327' title='bbox 598 3212 646 3275; x_wconf 84' lang='lat' dir='ltr'><strong>ill,</strong></span> <span class='ocrx_word' id='word_1_328' title='bbox 663 3210 694 3277; x_wconf 85' lang='lat'><strong>3,</strong></span> <span class='ocrx_word' id='word_1_329' title='bbox 712 3227 736 3261; x_wconf 77' lang='lat' dir='ltr'><strong>a.</strong></span> <span class='ocrx_word' id='word_1_330' title='bbox 759 3208 898 3264; x_wconf 72' lang='lat' dir='ltr'><strong>caballino</strong></span> <span class='ocrx_word' id='word_1_331' title='bbox 908 3212 993 3261; x_wconf 88' lang='lat' dir='ltr'><strong>utitur</strong></span> <span class='ocrx_word' id='word_1_332' title='bbox 1011 3225 1103 3264; x_wconf 87' lang='lat' dir='ltr'><strong>noster</strong></span> <span class='ocrx_word' id='word_1_333' title='bbox 1119 3232 1183 3265; x_wconf 91' lang='lat' dir='ltr'><strong>con·</strong></span> 
     </span>
     <span class='ocr_line' id='line_1_35' title="bbox 131 3284 1183 3364; baseline 0.005 -24"><span class='ocrx_word' id='word_1_334' title='bbox 131 3284 217 3353; x_wconf 85' lang='lat' dir='ltr'><strong>sltlto,</strong></span> <span class='ocrx_word' id='word_1_335' title='bbox 229 3300 259 3338; x_wconf 92' lang='lat' dir='ltr'><strong>ut</strong></span> <span class='ocrx_word' id='word_1_336' title='bbox 271 3304 336 3339; x_wconf 85' lang='lat' dir='ltr'><strong>voce</strong></span> <span class='ocrx_word' id='word_1_337' title='bbox 344 3288 433 3339; x_wconf 78' lang='lat' dir='ltr'><strong>rn&#39;in&#39;tis</strong></span> <span class='ocrx_word' id='word_1_338' title='bbox 445 3285 567 3340; x_wconf 88' lang='lat' dir='ltr'><strong>honesta.</strong></span> <span class='ocrx_word' id='word_1_339' title='bbox 580 3287 703 3341; x_wconf 70' lang='lat' dir='ltr'><strong>(hbsllua</strong></span> <span class='ocrx_word' id='word_1_340' title='bbox 715 3290 801 3355; x_wconf 86' lang='lat' dir='ltr'><strong>enim,</strong></span> <span class='ocrx_word' id='word_1_341' title='bbox 810 3290 860 3342; x_wconf 89' lang='lat' dir='ltr'><strong>etsi</strong></span> <span class='ocrx_word' id='word_1_342' title='bbox 868 3304 925 3340; x_wconf 89' lang='lat' dir='ltr'><strong>non</strong></span> <span class='ocrx_word' id='word_1_343' title='bbox 934 3306 1039 3361; x_wconf 85' lang='lat' dir='ltr'><strong>semper</strong></span> <span class='ocrx_word' id='word_1_344' title='bbox 1049 3310 1100 3362; x_wconf 93' lang='lat' dir='ltr'><strong>pro</strong></span> <span class='ocrx_word' id='word_1_345' title='bbox 1110 3310 1183 3364; x_wconf 85' lang='lat' dir='ltr'><strong>equo</strong></span> 
     </span>
     <span class='ocr_line' id='line_1_36' title="bbox 130 3366 1181 3442; baseline 0.008 -26"><span class='ocrx_word' id='word_1_346' title='bbox 130 3366 337 3437; x_wconf 83' lang='lat' dir='ltr'><strong>ponitnrtninus</strong></span> <span class='ocrx_word' id='word_1_347' title='bbox 351 3382 496 3436; x_wconf 68' lang='lat' dir='ltr'><strong>generoso,</strong></span> <span class='ocrx_word' id='word_1_348' title='bbox 505 3380 534 3419; x_wconf 90' lang='lat' dir='ltr'><strong>ut</strong></span> <span class='ocrx_word' id='word_1_349' title='bbox 546 3380 572 3419; x_wconf 89' lang='lat' dir='ltr'><strong>et</strong></span> <span class='ocrx_word' id='word_1_350' title='bbox 585 3368 658 3439; x_wconf 86' lang='lat' dir='ltr'><strong>apud</strong></span> <span class='ocrx_word' id='word_1_351' title='bbox 668 3368 789 3420; x_wconf 82' lang='lat' dir='ltr'><strong>Juvenal.</strong></span> <span class='ocrx_word' id='word_1_352' title='bbox 797 3371 838 3434; x_wconf 79' lang='lat' dir='ltr'><strong>x,</strong></span> <span class='ocrx_word' id='word_1_353' title='bbox 847 3368 896 3430; x_wconf 82' lang='lat'><strong>60,</strong></span> <span class='ocrx_word' id='word_1_354' title='bbox 909 3380 997 3420; x_wconf 72' lang='lat' dir='ltr'><strong>umen</strong></span> <span class='ocrx_word' id='word_1_355' title='bbox 1007 3368 1088 3441; x_wconf 76' lang='lat' dir='ltr'><strong>vulgo</strong></span> <span class='ocrx_word' id='word_1_356' title='bbox 1097 3373 1181 3442; x_wconf 70' lang='lat' dir='ltr'><strong>signi·</strong></span> 
     </span>
     <span class='ocr_line' id='line_1_37' title="bbox 130 3443 1182 3521; baseline 0.008 -26"><span class='ocrx_word' id='word_1_357' title='bbox 130 3443 349 3514; x_wconf 74' lang='lat' dir='ltr'><strong>licatjumentnm</strong></span> <span class='ocrx_word' id='word_1_358' title='bbox 361 3445 543 3512; x_wconf 83' lang='lat' dir='ltr'><strong>dossnariuru,</strong></span> <span class='ocrx_word' id='word_1_359' title='bbox 552 3446 677 3514; x_wconf 82' lang='lat' dir='ltr'><strong>asellum,</strong></span> <span class='ocrx_word' id='word_1_360' title='bbox 686 3450 830 3518; x_wconf 82' lang='lat' dir='ltr'><strong>pessimum</strong></span> <span class='ocrx_word' id='word_1_361' title='bbox 840 3465 948 3521; x_wconf 83' lang='lat' dir='ltr'><strong>equum.</strong></span> <span class='ocrx_word' id='word_1_362' title='bbox 959 3450 1051 3500; x_wconf 81' lang='lat' dir='ltr'><strong>Horat.</strong></span> <span class='ocrx_word' id='word_1_363' title='bbox 1062 3452 1146 3521; x_wconf 77' lang='lat' dir='ltr'><strong>Epist.</strong></span> <span class='ocrx_word' id='word_1_364' title='bbox 1157 3453 1182 3513; x_wconf 83' lang='lat' dir='ltr'><strong>l,</strong></span> 
     </span>
     <span class='ocr_line' id='line_1_38' title="bbox 133 3524 1125 3601; baseline 0.006 -26"><span class='ocrx_word' id='word_1_365' title='bbox 133 3524 179 3593; x_wconf 78' lang='lat'><strong>18,</strong></span> <span class='ocrx_word' id='word_1_366' title='bbox 190 3526 240 3579; x_wconf 79' lang='lat'><strong>36:</strong></span> <span class='ocrx_word' id='word_1_367' title='bbox 254 3544 267 3571; x_wconf 77' lang='lat' dir='ltr'><strong>s</strong></span> <span class='ocrx_word' id='word_1_368' title='bbox 277 3525 387 3580; x_wconf 85' lang='lat' dir='ltr'><strong>Olitoris</strong></span> <span class='ocrx_word' id='word_1_369' title='bbox 397 3539 459 3595; x_wconf 69' lang='lat' dir='ltr'><strong>aget</strong></span> <span class='ocrx_word' id='word_1_370' title='bbox 468 3526 589 3579; x_wconf 79' lang='lat' dir='ltr'><strong>mercede</strong></span> <span class='ocrx_word' id='word_1_371' title='bbox 597 3525 738 3580; x_wconf 70' lang='lat' dir='ltr'><strong>mortium.</strong></span> <span class='ocrx_word' id='word_1_372' title='bbox 750 3550 762 3575; x_wconf 76' lang='lat' dir='ltr'><strong>a</strong></span> <span class='ocrx_word' id='word_1_373' title='bbox 776 3529 878 3582; x_wconf 67' lang='lat' dir='ltr'><strong>huson.</strong></span> <span class='ocrx_word' id='word_1_374' title='bbox 890 3528 973 3601; x_wconf 71' lang='lat' dir='ltr'><strong>Epist.</strong></span> <span class='ocrx_word' id='word_1_375' title='bbox 987 3530 1065 3592; x_wconf 76' lang='lat' dir='ltr'><strong>xxi,</strong></span> <span class='ocrx_word' id='word_1_376' title='bbox 1075 3531 1125 3584; x_wconf 74' lang='lat'><strong>33:</strong></span> 
     </span>
    </p>
   </div>
   <div class='ocr_carea' id='block_1_4' title="bbox 360 3622 841 3828">
    <p class='ocr_par' dir='ltr' id='par_1_4' title="bbox 360 3622 841 3828">
     <span class='ocr_line' id='line_1_39' title="bbox 360 3622 841 3694; baseline 0.006 -17"><span class='ocrx_word' id='word_1_377' title='bbox 360 3631 400 3677; x_wconf 86' lang='lat' dir='ltr'><strong>Cui</strong></span> <span class='ocrx_word' id='word_1_378' title='bbox 410 3622 533 3692; x_wconf 74' lang='lat' dir='ltr'><strong>subjugabo</strong></span> <span class='ocrx_word' id='word_1_379' title='bbox 543 3634 570 3678; x_wconf 92' lang='lat' dir='ltr'><strong>de</strong></span> <span class='ocrx_word' id='word_1_380' title='bbox 579 3634 690 3679; x_wconf 85' lang='lat' dir='ltr'><strong>molarum</strong></span> <span class='ocrx_word' id='word_1_381' title='bbox 700 3634 841 3694; x_wconf 70' lang='lat' dir='ltr'><strong>ambagibus,</strong></span> 
     </span>
     <span class='ocr_line' id='line_1_40' title="bbox 360 3699 789 3759; baseline 0.009 -17"><span class='ocrx_word' id='word_1_382' title='bbox 360 3700 401 3757; x_wconf 79' lang='lat' dir='ltr'><strong>Qui</strong></span> <span class='ocrx_word' id='word_1_383' title='bbox 411 3700 527 3744; x_wconf 88' lang='lat' dir='ltr'><strong>machinali</strong></span> <span class='ocrx_word' id='word_1_384' title='bbox 537 3714 587 3744; x_wconf 82' lang='lat' dir='ltr'><strong>sara</strong></span> <span class='ocrx_word' id='word_1_385' title='bbox 597 3699 685 3746; x_wconf 81' lang='lat' dir='ltr'><strong>volvunt</strong></span> <span class='ocrx_word' id='word_1_386' title='bbox 694 3704 789 3759; x_wconf 86' lang='lat' dir='ltr'><strong>pondere</strong></span> 
     </span>
     <span class='ocr_line' id='line_1_41' title="bbox 360 3766 835 3828; baseline 0.006 -17"><span class='ocrx_word' id='word_1_387' title='bbox 360 3767 460 3824; x_wconf 82' lang='lat' dir='ltr'><strong>Tripedes</strong></span> <span class='ocrx_word' id='word_1_388' title='bbox 469 3766 575 3820; x_wconf 83' lang='lat' dir='ltr'><strong>caballos,</strong></span> <span class='ocrx_word' id='word_1_389' title='bbox 586 3778 646 3826; x_wconf 72' lang='lat' dir='ltr'><strong>terga</strong></span> <span class='ocrx_word' id='word_1_390' title='bbox 654 3780 731 3828; x_wconf 88' lang='lat' dir='ltr'><strong>ruptos</strong></span> <span class='ocrx_word' id='word_1_391' title='bbox 741 3774 835 3814; x_wconf 84' lang='lat' dir='ltr'><strong>verbere.</strong></span> 
     </span>
    </p>
   </div>
   <div class='ocr_carea' id='block_1_5' title="bbox 131 3847 1181 4180">
    <p class='ocr_par' dir='ltr' id='par_1_5' title="bbox 131 3847 1181 4180">
     <span class='ocr_line' id='line_1_42' title="bbox 132 3847 1181 3938; baseline 0.007 -26"><span class='ocrx_word' id='word_1_392' title='bbox 132 3847 269 3912; x_wconf 71' lang='lat' dir='ltr'><strong>colentes</strong></span> <span class='ocrx_word' id='word_1_393' title='bbox 281 3867 372 3912; x_wconf 72' lang='lat' dir='ltr'><strong>autern</strong></span> <span class='ocrx_word' id='word_1_394' title='bbox 385 3876 453 3913; x_wconf 80' lang='lat' dir='ltr'><strong>roes</strong></span> <span class='ocrx_word' id='word_1_395' title='bbox 465 3864 552 3916; x_wconf 85' lang='lat' dir='ltr'><strong>minus</strong></span> <span class='ocrx_word' id='word_1_396' title='bbox 567 3861 679 3916; x_wconf 86' lang='lat' dir='ltr'><strong>honesta</strong></span> <span class='ocrx_word' id='word_1_397' title='bbox 692 3864 787 3917; x_wconf 86' lang='lat' dir='ltr'><strong>maluit</strong></span> <span class='ocrx_word' id='word_1_398' title='bbox 795 3863 913 3931; x_wconf 60' lang='lat' dir='ltr'><strong>dicasse</strong></span> <span class='ocrx_word' id='word_1_399' title='bbox 919 3874 977 3917; x_wconf 79' lang='lat' dir='ltr'><strong>trias</strong></span> <span class='ocrx_word' id='word_1_400' title='bbox 993 3866 1056 3938; x_wconf 78' lang='lat' dir='ltr'><strong>quia</strong></span> <span class='ocrx_word' id='word_1_401' title='bbox 1068 3882 1126 3919; x_wconf 84' lang='lat' dir='ltr'><strong>mot</strong></span> <span class='ocrx_word' id='word_1_402' title='bbox 1140 3881 1181 3919; x_wconf 89' lang='lat' dir='ltr'><strong>est</strong></span> 
     </span>
     <span class='ocr_line' id='line_1_43' title="bbox 132 3938 1181 4017; baseline 0.008 -26"><span class='ocrx_word' id='word_1_403' title='bbox 132 3938 243 4013; x_wconf 69' lang='lat' dir='ltr'><strong>sotirlils</strong></span> <span class='ocrx_word' id='word_1_404' title='bbox 258 3940 345 4012; x_wconf 75' lang='lat' dir='ltr'><strong>poetis</strong></span> <span class='ocrx_word' id='word_1_405' title='bbox 357 3939 506 4015; x_wconf 76' lang='lat' dir='ltr'><strong>deprimere</strong></span> <span class='ocrx_word' id='word_1_406' title='bbox 520 3954 552 3995; x_wconf 85' lang='lat' dir='ltr'><strong>ac</strong></span> <span class='ocrx_word' id='word_1_407' title='bbox 566 3942 673 3996; x_wconf 72' lang='lat' dir='ltr'><strong>nsidere</strong></span> <span class='ocrx_word' id='word_1_408' title='bbox 687 3949 791 4015; x_wconf 76' lang='lat' dir='ltr'><strong>omnia,</strong></span> <span class='ocrx_word' id='word_1_409' title='bbox 804 3940 863 3998; x_wconf 69' lang='lat' dir='ltr'><strong>ssu</strong></span> <span class='ocrx_word' id='word_1_410' title='bbox 877 3944 938 4017; x_wconf 62' lang='lat' dir='ltr'><strong>&#39;truie</strong></span> <span class='ocrx_word' id='word_1_411' title='bbox 951 3946 995 3999; x_wconf 85' lang='lat' dir='ltr'><strong>hie</strong></span> <span class='ocrx_word' id='word_1_412' title='bbox 1006 3948 1110 3999; x_wconf 83' lang='lat' dir='ltr'><strong>Persius</strong></span> <span class='ocrx_word' id='word_1_413' title='bbox 1122 3963 1181 3999; x_wconf 81' lang='lat' dir='ltr'><strong>sesa</strong></span> 
     </span>
     <span class='ocr_line' id='line_1_44' title="bbox 131 4006 1181 4097; baseline 0.011 -28"><span class='ocrx_word' id='word_1_414' title='bbox 131 4006 333 4093; x_wconf 67' lang='lat' dir='ltr'><strong>sintpag&#39;ninns</strong></span> <span class='ocrx_word' id='word_1_415' title='bbox 342 4020 488 4092; x_wconf 68' lang='lat' dir='ltr'><strong>professus,</strong></span> <span class='ocrx_word' id='word_1_416' title='bbox 495 4023 720 4087; x_wconf 76' lang='lat' dir='ltr'><strong>sermonedebuit</strong></span> <span class='ocrx_word' id='word_1_417' title='bbox 731 4027 770 4079; x_wconf 89' lang='lat' dir='ltr'><strong>nti</strong></span> <span class='ocrx_word' id='word_1_418' title='bbox 783 4027 869 4079; x_wconf 78' lang='lat' dir='ltr'><strong>minus</strong></span> <span class='ocrx_word' id='word_1_419' title='bbox 880 4025 953 4078; x_wconf 77' lang='lat' dir='ltr'><strong>rano</strong></span> <span class='ocrx_word' id='word_1_420' title='bbox 967 4038 994 4079; x_wconf 88' lang='lat' dir='ltr'><strong>et</strong></span> <span class='ocrx_word' id='word_1_421' title='bbox 1005 4026 1131 4097; x_wconf 69' lang='lat' dir='ltr'><strong>eleganti3</strong></span> <span class='ocrx_word' id='word_1_422' title='bbox 1142 4029 1181 4081; x_wconf 86' lang='lat' dir='ltr'><strong>sic</strong></span> 
     </span>
     <span class='ocr_line' id='line_1_45' title="bbox 132 4088 1180 4180; baseline 0.012 -33"><span class='ocrx_word' id='word_1_423' title='bbox 132 4092 196 4150; x_wconf 84' lang='lat' dir='ltr'><strong>dixit</strong></span> <span class='ocrx_word' id='word_1_424' title='bbox 206 4096 295 4170; x_wconf 72' lang='lat' dir='ltr'><strong>prolui</strong></span> <span class='ocrx_word' id='word_1_425' title='bbox 304 4096 375 4153; x_wconf 62' lang='lat' dir='ltr'><strong>tetra</strong></span> <span class='ocrx_word' id='word_1_426' title='bbox 380 4124 390 4164; x_wconf 91' lang='lat'><strong>,·</strong></span> <span class='ocrx_word' id='word_1_427' title='bbox 400 4103 438 4154; x_wconf 80' lang='lat' dir='ltr'><strong>sic</strong></span> <span class='ocrx_word' id='word_1_428' title='bbox 449 4088 688 4178; x_wconf 75' lang='lat' dir='ltr'><strong>heliconiadoi&#39;qne,</strong></span> <span class='ocrx_word' id='word_1_429' title='bbox 696 4096 1005 4180; x_wconf 59' lang='lat' dir='ltr'><strong>pallidonihtidl&#39;i&#39;r&#39;enen</strong></span> <span class='ocrx_word' id='word_1_430' title='bbox 1015 4104 1180 4160; x_wconf 81' lang='lat' dir='ltr'><strong>illis&#39;temitto</strong></span> 
     </span>
    </p>
   </div>
   <div class='ocr_carea' id='block_1_6' title="bbox 0 0 1316 5182">
    <p class='ocr_par' dir='ltr' id='par_1_6' title="bbox 0 0 1316 5182">
     <span class='ocr_line' id='line_1_46' title="bbox 0 0 1316 5182; baseline 0 3"><span class='ocrx_word' id='word_1_431' title='bbox 0 0 1316 5182; x_wconf 95' lang='lat' dir='ltr'><strong> </strong></span> 
     </span>
    </p>
   </div>
  </div>
 </body>
</html>
