2588 5176
216 827 261 895 56
390 824 545 888 VARlAE
567 820 838 887 LECTIONES
860 823 922 886 ΕΤ
946 824 1083 889 NOTAE

215 953 317 1016 furere,
327 947 489 1001 Bacchautes
498 945 636 1017 appellate
645 958 707 999 sunt
716 945 857 1000 Μακαὼε.
865 977 902 989 -
909 945 1036 1016 nomn,
1045 950 1181 1003 directore
1192 953 1270 1026 thyr-

214 1034 260 1087 sit.
271 1059 307 1070 -
319 1027 464 1101 corymbis,
480 1024 583 1078 liederus
600 1025 754 1091 racemulis,
768 1025 932 1079 habenarum
947 1028 1017 1081 loco.
1038 1031 1182 1102 Cothm
1193 1052 1271 1105 pro.

214 1112 273 1184 prie
286 1122 326 1164 est
339 1107 441 1161 hederae
454 1107 573 1168 fructum
586 1104 630 1157 hic
645 1107 757 1157 sumitur
769 1124 819 1177 pro
834 1109 892 1178 ipsa
906 1107 1012 1161 hedera.
1027 1138 1064 1149 -
1074 1112 1161 1164 Boion
1168 1150 1179 1179 ,
1193 1110 1268 1168 tiso.

214 1190 334 1244 Bacchus
345 1188 443 1241 dicitur
452 1185 533 1239 Euius
542 1185 584 1237 vel
595 1204 611 1237 a
622 1204 688 1238 voce
699 1186 888 1240 Bacchantium
899 1187 958 1250 ato,
971 1188 1011 1242 vel
1027 1189 1100 1261 quod
1111 1190 1148 1242 oh
1160 1210 1206 1245 res
1219 1191 1271 1246 ad-

127 1262 135 1269 *
213 1289 305 1325 versus
318 1271 438 1341 gigantes
450 1280 538 1338 pestes
553 1266 675 1319 laudams
689 1282 728 1320 est
742 1287 757 1319 a
770 1270 836 1321 Jove
849 1267 890 1321 his
904 1268 991 1322 verbis
1005 1289 1012 1321 ε
1030 1264 1057 1321 lo
1072 1269 1119 1339 ill,
1134 1291 1199 1347 eope
1205 1271 1267 1346 fili.

214 1353 306 1403 llorat.
324 1348 375 1401 Od.
392 1350 429 1412 Π,
451 1363 490 1416 ¹9·
502 1376 538 1385 -
548 1346 705 1419 Inqeminat.
723 1346 822 1417 legere
834 1348 927 1400 volunt
943 1348 1065 1401 nonnulli
1079 1352 1262 1426 Inqeminant.

213 1430 266 1483 Sed
278 1428 380 1483 hahent
390 1427 536 1501 inpesninot
546 1428 717 1499 manuscripti
729 1425 814 1479 Codd.
825 1443 852 1479 et
863 1427 916 1480 hoe
930 1429 1039 1482 verbum
1050 1432 1087 1481 ita
1098 1431 1215 1483 sumitur
1224 1433 1264 1483 in-

213 1513 348 1566 transitive
363 1508 434 1582 apud
445 1509 581 1580 Virgilium
596 1527 650 1560 non
665 1509 760 1562 semel:
774 1511 871 1580 Georg.
884 1513 909 1575 1,
924 1511 991 1564 333:
1009 1534 1021 1558 ι
1030 1513 1205 1585 Inqeminnnt
1215 1532 1262 1565 su·

213 1595 291 1645 stri·
309 1590 410 1645 AEneid.
422 1592 456 1656 V,
474 1607 539 1660 ²²7²
560 1591 734 1661 «inpendent
749 1590 857 1643 clamor.
868 1614 880 1637 n
899 1604 950 1644 etc.
964 1622 998 1633 -
1010 1592 1188 1665 Repambilis‚
1205 1612 1258 1665 qua

213 1685 291 1725 sonat
304 1673 414 1744 sepins3
428 1671 469 1723 vel
483 1671 583 1736 active,
597 1685 626 1722 ut
642 1671 698 1724 vult
713 1670 824 1743 Koenig,
841 1691 898 1742 qua
914 1692 996 1728 sonos
1011 1688 1126 1746 reparat.
1140 1704 1179 1715 -
1188 1674 1258 1727 Eeho

213 1750 263 1805 siri
275 1751 319 1805 coi
334 1750 410 1818 ι’χιῖι,
427 1770 530 1803 sonare.
544 1750 645 1803 Fabula
661 1767 750 1803 narrat
760 1753 841 1805 fuisse
853 1753 970 1805 Puellam
983 1755 1018 1806 ob
1034 1755 1218 1825 garrulitatem
1232 1757 1256 1808 iu

212 1850 305 1887 vocem
323 1851 338 1884 a
354 1834 460 1884 lunone
476 1843 612 1883 mutatam.
628 1830 679 1881 vid
705 1830 770 1883 Plio.
790 1834 931 1885 tussitat.
951 1835 988 1901 ll,
1008 1833 1056 1900 46,
1075 1834 1203 1901 XXXVI,
1221 1833 1255 1887 15.

211 1915 281 1984 Lege
293 1925 320 1964 et
328 1912 405 1965 ovid.
416 1912 593 1984 Metamorph.
604 1912 654 1977 lll,
665 1930 724 1984 cap.
736 1911 761 1964 5.
770 1942 808 1955 -
816 1912 888 1982 Quid
899 1916 933 1966 sit
945 1916 973 1967 in
984 1914 1025 1966 his
1037 1914 1157 1968 versibus
1169 1932 1257 1985 repre·

211 1992 396 2058 hendendum,
405 2006 432 2045 et
442 1991 505 2063 quid
515 1990 713 2063 reprehenderit
723 1995 839 2058 Persius,
850 1994 935 2045 fusius
944 1996 1099 2066 interpretes
1106 1995 1256 2066 disputant,

212 2093 331 2147 operam,
339 2071 730 2142 credo,perdentes.Tumorem
739 2074 840 2124 enimet
847 2074 999 2126 affectatam
1006 2073 1173 2127 harmoniam
1182 2092 1256 2127 nemo

213 2170 252 2210 est
266 2156 312 2227 qui
325 2156 352 2205 in
366 2151 416 2205 illis
428 2172 483 2204 non
499 2151 689 2221 deprehendat.
705 2154 744 2204 De
758 2167 891 2205 structura
903 2152 1000 2206 horum
1011 2174 1135 2209 versuum
1147 2156 1201 2208 vid.
1214 2158 1256 2208 la-

211 2235 311 2288 cobum
327 2232 521 2284 Bononiensem
533 2229 662 2283 'l'hesaun
680 2232 761 2282 critic.
780 2245 843 2283 tom.
858 2235 882 2299 l,
899 2253 926 2304 p.
939 2233 1001 2303 667,
1014 2234 1055 2285 ed.
1068 2235 1143 2287 Grut.
1156 2266 1193 2275 —
1204 2235 1258 2286 Tn'·

211 2316 302 2368 buitur
312 2313 388 2365 locus
402 2312 504 2363 Neroni
516 2310 648 2363 editorum
660 2312 743 2363 Ferme
756 2315 873 2364 omnium
886 2333 1031 2380 consensu,
1045 2314 1118 2367 haud
1130 2317 1167 2367 ita
1179 2317 1257 2368 firmis

211 2410 299 2450 tamen
316 2412 347 2445 ex
366 2394 535 2461 argumentis.
552 2392 621 2443 Nam
637 2405 732 2463 prater
745 2396 842 2446 vetusti
857 2394 1004 2447 scholiasta
1019 2397 1216 2461 testimonium,
1234 2410 1257 2450 et

209 2477 304 2530 Dionis
316 2473 405 2524 locum
419 2475 475 2541 jam
488 2490 568 2541 supra
580 2471 691 2522 relatum
702 2471 770 2542 (vid.
784 2473 861 2525 Dion.
874 2492 901 2545 p.
919 2490 986 2545 999,
1001 2473 1065 2526 edit.
1078 2476 1181 2546 lleim.)
1195 2475 1258 2528 nihil

213 2558 320 2610 omnino
332 2553 460 2605 habemus
472 2549 570 2604 adhoc
583 2555 757 2605 auctoritatis.

246 2668 315 2719 Nor.
337 2662 473 2729 103‚104.
490 2659 553 2713 Hoec
561 2658 674 2732 fierent,
685 2662 707 2713 si
718 2662 827 2714 testiculi
843 2682 908 2714 vena
925 2663 982 2715 ulla
996 2666 1102 2735 paterni
1115 2666 1222 2720 Viveret
1232 2667 1257 2719 ia

212 2747 290 2801 nohis.
303 2774 339 2786 -
349 2741 432 2795 Solvit
443 2741 547 2792 frenum
559 2740 746 2810 indignationi,
758 2760 836 2813 quam
846 2743 981 2813 paulisper
990 2743 1203 2797 dissimulaverat
1211 2764 1259 2818 per

209 2829 334 2889 ironiam,
344 2825 511 2895 graviterque
521 2819 689 2892 reprehendit
700 2836 838 2894 poctarum
849 2824 975 2894 ineptias,
988 2843 1102 2894 quorum
1113 2844 1205 2878 versus
1215 2845 1259 2878 su·

209 2926 258 2978 pra
274 2904 371 2958 retulit.
383 2934 420 2945 —
431 2902 506 2967 Hac,
522 2904 539 2953 i.
555 2921 578 2953 c.
591 2902 740 2954 istiusmodi
753 2905 877 2953 carmina.
891 2935 926 2943 -
939 2904 967 2956 V
964 2924 1013 2955 essa
1025 2902 1083 2955 utta
1097 2906 1205 2977 paterni
1223 2916 1258 2957 te·

210 2986 309 3051 scienti,
319 2983 475 3055 metaphora
485 2982 566 3055 paulo
577 2983 703 3035 audacior
713 2997 738 3037 et
750 2983 901 3035 obscaenior
911 3004 959 3055 pro
967 2998 1043 3056 putta
1053 2984 1144 3059 aliqua
1152 2988 1258 3057 potensi

209 3066 352 3140 sanpuinis.
371 3066 441 3115 Raro
461 3062 604 3115 admodum
622 3062 694 3135 apud
715 3064 829 3114 Persium
849 3079 988 3116 recurrunt
1009 3064 1085 3118 foedae
1108 3065 1258 3119 istiusmodi

209 3146 409 3210 translationes,
427 3162 485 3215 qua
497 3144 714 3213 frequentissimae
731 3157 792 3195 sunt
809 3144 881 3215 apud
896 3158 1003 3198 ceteros
1016 3148 1124 3198 Latinos
1136 3148 1257 3200 satiricos

210 3229 383 3299 inprimisque
399 3223 471 3294 apud
489 3223 653 3276 Jus'enalem.
670 3254 706 3265 —
724 3225 829 3278 errec
843 3226 872 3277 in
888 3228 976 3292 nobis,
1000 3227 1078 3280 nobis
1097 3242 1256 3298 superesset.

211 3338 246 3351 -
263 3305 360 3361 Similis
371 3318 410 3358 est
423 3302 485 3356 huic
502 3305 603 3357 Horatii
619 3305 680 3358 loco
696 3323 804 3371 sensus,
821 3306 973 3360 honestiora
989 3327 1050 3361 vero
1062 3309 1151 3361 verba.
1169 3308 1254 3381 Epod.

215 3388 259 3454 15,
275 3405 321 3441 tas

599 3457 650 3499 ...si
659 3454 872 3514 quidinflaccoviri
881 3471 919 3504 cst.

241 3614 302 3658 Van.
319 3614 368 3659 105.
382 3614 413 3657 Et
422 3616 445 3657 in
457 3613 501 3658 udo
510 3620 545 3658 est
554 3611 652 3658 Moesis
663 3625 686 3658 ct
694 3615 768 3661 Attin.
781 3641 813 3652 -
823 3618 916 3663 Habent
928 3619 989 3663 Am's
1001 3618 1151 3681 manuscripti
1165 3616 1255 3674 codd„

211 3681 275 3746 quod
287 3698 330 3744 ego
341 3681 419 3727 malim
431 3683 458 3729 iis
470 3680 499 3727 de
511 3682 585 3729 causis
597 3686 819 3744 supramemoratis.

246 3781 314 3831 Nor.
338 3784 401 3844 104,
417 3777 474 3833 105.
486 3779 596 3832 Summo
607 3779 727 3833 delumbe
735 3782 817 3836 saliva
827 3784 885 3836 Hoc
897 3793 971 3834 notat
983 3782 1010 3833 in
1022 3781 1112 3847 labris,
1124 3796 1149 3835 et
1165 3783 1193 3834 in
1205 3784 1255 3836 udo

210 3871 246 3913 cst
254 3862 355 3913 Moenns
363 3868 389 3911 et
397 3857 481 3911 Attin.
495 3889 529 3899 —
538 3861 651 3913 Versum
662 3861 710 3914 105
721 3862 908 3935 subreptitium
919 3861 1014 3937 Koenip
1027 3864 1165 3933 opinatur,
1176 3877 1255 3935 atquc

211 3958 243 3991 ex
254 3940 488 4009 interpretamento
500 3939 672 4011 praecedentis
685 3954 792 4005 natum;
805 3945 1010 4015 opinionemque
1023 3960 1096 3996 suam
1111 3944 1146 3994 ita
1164 3942 1257 3996 defen·

210 4016 264 4070 dit:
276 4019 397 4069 -Forsan
407 4020 496 4069 nescio
508 4020 565 4088 quis
576 4019 826 4090 explicarevoluitll
837 4042 937 4075 summa
946 4022 1027 4074 saliva
1037 4042 1086 4093 per
1095 4035 1170 4075 natat
1181 4022 1207 4073 io
1220 4020 1258 4075 la·

211 4098 274 4159 bris,
284 4096 365 4168 idque
377 4116 459 4169 porro
472 4116 520 4168 per
522 4101 645 4170 jq'unum
656 4112 705 4167 est,
719 4100 788 4154 unde
799 4103 825 4152 in
837 4102 888 4153 udo
898 4114 934 4155 est
943 4117 1034 4172 postea
1046 4115 1147 4167 ortum,
1159 4101 1256 4174 quibus

209 4189 343 4247 postremo
357 4175 390 4226 ab
402 4175 455 4228 alio
466 4175 581 4248 quodam
594 4178 627 4229 ad
641 4179 799 4251 explendum
810 4199 913 4232 versum
928 4182 989 4232 satis
1003 4182 1096 4231 inscite
1110 4182 1214 4233 Maenas
1231 4193 1256 4233 ct

208 4256 285 4309 Attin
298 4256 414 4309 additum
428 4271 475 4310 est.
488 4259 558 4312 Olim
569 4258 620 4311 levi
635 4263 780 4314 mutatione
791 4260 879 4313 locum
892 4265 928 4314 sic
941 4262 1006 4332 legi:
1021 4281 1122 4314 summa
1134 4260 1255 4315 delumbe

209 4336 291 4392 salina
306 4340 363 4392 Hoc
380 4351 454 4392 statut
469 4342 495 4392 in
511 4340 588 4392 labris
596 4343 690 4413 jejuno
696 4365 705 4403 ,·
722 4354 747 4395 et
761 4346 864 4395 Moenss
880 4356 905 4395 et
917 4344 989 4396 Attin
1008 4360 1055 4395 aec
1068 4342 1191 4415 pluteum
1204 4362 1255 4397 cte·

210 4419 262 4485 dit,
278 4430 328 4470 ctc.
340 4459 361 4471 ..
376 4422 433 4473 lloc
448 4439 543 4474 sensu:
562 4420 613 4473 hoc
630 4420 697 4474 adeo
714 4422 856 4495 insipidum
868 4438 906 4476 est
921 4439 946 4476 et
962 4443 1087 4476 nauseam
1106 4440 1211 4490 movet,
1226 4438 1256 4477 ut

209 4495 249 4547 sel
265 4498 389 4551 esurienti
402 4501 469 4552 intra
481 4500 555 4553 labra
567 4499 676 4566 hereat,
693 4514 771 4572 atque
786 4503 812 4554 in
826 4502 919 4568 salisa,
936 4522 1016 4576 quam
1029 4522 1126 4556 nausea
1142 4504 1254 4559 multam
