2588 5176
506 404 557 469 tn
581 399 863 467 raouocuu.
1189 429 1208 496 7

192 529 411 604 minagium
423 527 549 582 aaran
566 527 666 581 mam
684 544 809 599 sequaces.
822 529 885 581 Nou
900 525 987 581 solum
1006 546 1038 585 ex
1057 528 1110 585 hoe
1130 532 1211 585 Persii

104 608 106 615 '
189 597 235 658 ¹⁰00
243 629 324 665 rernm
334 613 414 664 etiam
424 629 456 664 ex
465 607 556 663 mult'u
566 608 624 662 eliis
633 621 789 680 poetarum,
800 610 828 661 in
838 610 929 681 primis
942 612 1120 667 recentiorum
1128 631 1211 687 eppe-

187 694 228 749 ret,
239 705 262 742 et
270 690 306 744 illi
316 692 386 743 fonti
398 702 425 742 et
436 687 494 740 aliis
504 685 665 759 quibusdam
677 686 835 757 singularem
843 690 896 741 vim
906 688 988 745 fuisse
1000 690 1168 761 attributum,
1180 705 1211 749 ut

184 774 244 832 'iu
255 771 355 825 illorum
371 771 471 824 bansta
483 768 637 822 facultatem
650 770 784 840 poeticam
798 770 965 841 inspirarent.
976 770 1088 825 Videtur
1101 791 1132 826 ee
1146 793 1209 845 per-

180 851 255 902 ”letio
268 853 402 905 incessisse
419 849 558 903 bominum
568 860 670 903 meotes
682 861 745 923 post
755 849 863 900 Homeri
880 862 906 901 et
918 850 1027 904 Hesiodi
1037 863 1171 929 tempore,
1182 854 1210 904 iu

178 931 277 987 luorum
287 932 414 1005 oporibus
422 948 555 1002 nmquam
569 930 682 985 recurrit
694 949 700 979 ι
711 947 798 1002 neque
810 928 884 1003 apud
897 933 1026 1009 tragicos,
1040 951 1127 1006 neque
1138 932 1210 1007 apud

171 993 191 1043 P
189 1003 301 1068 iotiorum
308 1015 362 1068 tale
369 1012 514 1086 quidquam
521 1011 647 1083 legimus,
657 1029 819 1083 quamquam
826 1011 941 1067 fontium
949 1012 1065 1085 Apollini
1071 1033 1210 1071 sacrorum

166 1086 261 1145 Quos
282 1093 320 1146 ibi
342 1093 381 1145 lit.
401 1094 517 1145 Primum
533 1091 613 1162 bajus
628 1091 668 1142 rei
691 1092 830 1161 vestigium
847 1109 988 1145 occurrere
1012 1091 1117 1147 ridetur
1136 1091 1210 1165 opud

159 1151 301 1228 ³1trabunt
309 1174 385 1248 idyll.
397 1172 448 1239 111,
458 1189 492 1244 77
507 1191 566 1244 sqq.
577 1165 710 1240 'epsirspsr
719 1170 866 1241 (Homerus
879 1185 905 1224 et
916 1172 998 1245 Bion)
1007 1174 1101 1239 russie
1110 1171 1211 1234 moi

147 1247 235 1303 st*tter
252 1253 273 1312 tr
292 1254 336 1322 sair
356 1253 419 1307 inne
434 1251 570 1320 merides
588 1249 688 1322 spritu,
708 1251 721 1302 ὅ
740 1251 766 1301 δ’
783 1251 834 1318 izos
850 1250 919 1318 πὸμι
939 1250 985 1309 εἷς
999 1252 1139 1322 'Apedsieae
1158 1255 1211 1308 Mi.

151 1324 225 1384 ’ἴω
236 1353 298 1388 saue
312 1333 397 1387 videri
411 1346 517 1405 potest,
532 1330 603 1404 quod
621 1332 763 1383 Pausanias
780 1332 830 1395 lx,
848 1332 881 1385 28
897 1350 954 1404 sqq.
972 1332 1018 1385 ubi
1035 1332 1068 1385 de
1080 1333 1210 1387 Helicone

141 1400 270 1486 Q,iusque
286 1412 407 1467 fontibus
419 1411 547 1483 loquitur,
561 1407 642 1480 hujus
658 1411 696 1461 rei
711 1411 872 1462 mentionem
889 1409 989 1463 nullam
1006 1412 1094 1464 faciat.
1109 1412 1211 1466 Plinius

136 1460 262 1563 Qjor,
272 1509 297 1548 et
309 1494 419 1559 Strabo,
431 1511 546 1566 quorum
556 1504 670 1561 uterque
682 1488 741 1542 loca
755 1487 799 1542 illa
811 1501 838 1542 et
849 1491 938 1543 fontes
948 1504 1082 1561 recenset,
1091 1511 1148 1545 rem
1159 1513 1209 1568 pe·

135 1561 225 1623 *ffiter
235 1573 388 1625 omiserunt.
400 1570 478 1625 Solus
490 1571 545 1622 fere
560 1569 666 1622 Solinus
679 1587 703 1619 c.
716 1587 741 1640 9.
753 1568 823 1621 banc
835 1587 891 1620 rem
906 1568 988 1622 verbo
999 1582 1101 1623 tentum
1113 1574 1208 1644 attigit.

127 1628 341 1718 Quamobrem
359 1649 414 1703 hoc
430 1648 535 1703 videtur
545 1650 724 1702 recentiorum
737 1665 793 1701 esse
806 1661 945 1720 poetarum
954 1662 1148 1702 commentum:
1159 1669 1210 1704 un-

135 1712 199 1779 qe
209 1742 299 1782 netum
315 1731 363 1796 sit,
373 1748 407 1780 ue
424 1746 579 1801 queremus.
596 1727 725 1781 Ceterum
743 1744 784 1780 res
797 1727 833 1778 ita
843 1741 938 1798 postea
951 1740 993 1780 est
1004 1741 1113 1800 accepte
1125 1741 1152 1781 et
1163 1747 1209 1782 eu·

130 1808 239 1876 Quia,
247 1822 291 1876 ut,
301 1810 454 1863 discrimine
461 1811 576 1862 fontium
584 1809 670 1874 facto,
679 1827 709 1861 ex
722 1810 892 1882 Hippocrene
900 1821 926 1862 et
933 1810 1073 1887 Aqanippe
1079 1812 1209 1879 majores,

136 1898 193 1942 Qu
203 1893 338 1945 Permesse
351 1894 466 1945 minores
477 1903 564 1964 poete
575 1889 732 1943 dicerentur.

190 2059 273 2103 Vnt:
284 2069 420 2104 mnam
438 2073 461 2104 a.
473 2008 595 2104 Parasito.
612 2057 640 2102 lu
654 2055 792 2123 quibusdem
810 2055 878 2103 codd.
898 2058 1000 2106 Parnaso
1016 2073 1059 2122 per
1073 2059 1170 2108 unicum
1186 2077 1205 2108 s.

147 2118 283 2174 laudande
293 2139 394 2192 utraque
403 2125 473 2175 lectio
484 2138 532 2174 est:
547 2142 602 2173 uem
613 2128 688 2174 Greci
699 2129 763 2174 varie
778 2129 919 2190 scripseram
934 2124 1063 2192 reperis,
1077 2128 1209 2194 προικὸς

162 2207 183 2240 tt
196 2195 332 2260 matois.

192 2292 262 2346 Nou.
279 2311 304 2347 a.
316 2295 373 2348 Nec
382 2294 410 2346 in
420 2293 520 2367 bicipiti
528 2295 665 2347 somniasse
674 2293 802 2347 Parnasso
812 2295 930 2347 mernisti.
940 2325 977 2341 -
984 2297 1044 2348 Hoc
1054 2313 1163 2369 quoque
1173 2297 1208 2348 ad

159 2373 282 2428 ridiculas
293 2389 434 2446 poetarum
451 2372 651 2448 praedicationes
666 2387 777 2446 spectet.
792 2373 1024 2441 Quemadmodum
1038 2378 1108 2428 euim
1120 2378 1206 2430 fontes

158 2454 194 2509 illi
203 2459 274 2510 sacri
286 2459 344 2529 poti
354 2456 530 2509 credebantur
544 2457 633 2507 lacere
645 2469 753 2526 poetas,
768 2457 805 2506 sic
816 2457 896 2507 vieini
906 2469 1009 2508 montes
1021 2456 1148 2525 Helicon,
1162 2457 1207 2510 Ci-

157 2536 274 2601 theron,
290 2541 433 2592 Parnassus
450 2557 496 2591 eos
512 2539 557 2610 qui
573 2535 799 2601 conscenderent,
816 2551 862 2589 aut
878 2537 944 2590 inibi
955 2551 1131 2592 versarentur.
1145 2541 1207 2593 Huc

157 2619 522 2691 superstitio,entiquissimis
530 2619 731 2690 quoquepoetis
739 2619 883 2679 recentior,
892 2617 955 2671 inde
963 2618 1056 2671 inrsen
1064 2632 1126 2671 usta
1134 2619 1208 2692 quod

157 2701 340 2772 opinabantur
354 2704 470 2773 antiqui,
484 2699 580 2775 quibus
591 2703 618 2754 in
632 2701 698 2764 locis
712 2699 755 2752 vel
766 2699 817 2752 deo
833 2699 875 2753 vel
888 2700 944 2754 dcte
956 2703 1118 2786 consecrptis
1134 2721 1206 2755 som·

157 2798 219 2832 num
232 2795 374 2853 caperent,
384 2780 418 2833 ab
427 2780 524 2833 horum
536 2781 645 2833 numine
657 2781 708 2833 sibi
719 2779 836 2853 aliquam
845 2780 1000 2834 facultatem
1015 2783 1152 2854 impertiri.
1164 2783 1208 2836 so·

157 2858 248 2915 lebant
263 2865 355 2934 egroti
369 2863 396 2914 in
414 2861 545 2935 Apollinis
560 2875 605 2914 aut
622 2861 765 2933 AEsculapii
778 2861 883 2934 templis
899 2861 1040 2930 incubare,
1055 2876 1084 2914 ut
1103 2866 1206 2917 somnis

158 2953 310 3014 captarent,
328 2942 425 3012 quibus
437 2941 594 2994 morborum
604 2941 720 2994 remedia
733 2941 868 3014 prteqcribl
879 2941 1032 2995 credebent.
1047 2942 1107 2996 Pid.
1121 2946 1204 3017 Heyn.

158 3018 188 3071 ad
202 3021 277 3091 Virq.
292 3019 396 3073 AEueid.
412 3020 473 3087 vn,
489 3019 524 3073 86
540 3038 598 3093 sqq.
617 3019 695 3073 ovid.
713 3019 822 3073 Heroid.
837 3021 900 3087 XV,
922 3020 970 3091 ¹57
990 3039 1048 3094 sqq.
1068 3021 1204 3093 Aristoph.

157 3099 223 3154 Plut.
240 3101 290 3169 lat
305 3113 332 3153 et
349 3101 402 3172 679
418 3120 475 3174 sqq.
490 3101 549 3153 Vid.
567 3103 635 3155 infra
649 3099 761 3155 Satiram
778 3104 815 3168 ll,
831 3101 873 3171 57.
888 3132 925 3142 —
937 3102 1083 3156 Somniasse
1098 3105 1207 3156 memini

159 3177 221 3233 (fixit
235 3199 286 3252 pro
297 3183 439 3247 somniavi,
450 3180 485 3233 ad
494 3179 636 3234 ridiculum
647 3181 798 3256 augendum
810 3181 1021 3254 servandamque
1031 3182 1206 3254 simplicitatis

159 3262 272 3333 speciem
281 3279 360 3333 quem
370 3260 456 3313 induit
463 3264 575 3316 Persius.
584 3265 715 3315 Potuisset
725 3262 824 3316 scilicet
834 3262 905 3327 lieri,
918 3276 947 3313 ut
957 3260 1026 3314 illius
1040 3264 1077 3314 rei
1088 3275 1142 3314 tam
1152 3282 1206 3317 me·

160 3338 295 3392 morabilis
304 3336 511 3393 oblivisceretur.
521 3371 557 3381 -
568 3340 677 3413 Bicr'pits'
686 3341 823 3394 Parnasso.
834 3339 862 3391 h.
877 3358 900 3392 e.
910 3339 1026 3392 habente
1039 3339 1094 3393 duo
1104 3345 1206 3413 capita,

159 3416 209 3471 dno
219 3421 375 3488 cacumine,
384 3440 442 3493 quse
451 3436 526 3474 erant
537 3421 635 3493 Cyrrlra
644 3434 671 3474 et
678 3422 756 3487 Nisa,
768 3424 834 3486 sive,
846 3433 875 3472 ut
885 3419 941 3473 aliis
951 3420 1051 3492 placet,
1059 3421 1172 3477 Helicon
1180 3439 1206 3477 rt

161 3500 298 3554 Cithaeron.
309 3500 428 3554 Alterum
437 3501 555 3574 Apollini
565 3517 590 3554 et
599 3503 682 3555 Musis
695 3501 932 3568 sacrum,altcrum
941 3499 1054 3555 Beccbo.
1063 3503 1164 3556 Lucan.
1172 3509 1206 3571 V,

161 3594 185 3646 71
200 3598 260 3652 sqq.
268 3577 347 3630 ovid.
356 3582 419 3632 Met.
431 3582 456 3646 1,
469 3579 521 3633 316
531 3600 587 3653 sqq.
598 3581 628 3632 ln
638 3582 753 3652 antiquis
763 3579 871 3634 scholiis
882 3580 994 3654 legimus
1002 3579 1047 3634 bic
1054 3581 1136 3635 Persii
1144 3600 1204 3634 rer·

161 3658 229 3711 ribus
244 3661 318 3729 tangi
330 3660 458 3727 Ennium,
475 3663 521 3733 qui
530 3661 626 3715 dixerit
637 3661 686 3715 sibi
698 3664 725 3714 in
737 3663 865 3716 Parnasso
877 3664 1019 3715 somnianti
1027 3664 1113 3715 visum
1125 3663 1206 3717 fuisse

162 3739 318 3805 Homerum,
333 3754 358 3792 et
369 3740 522 3794 facultatem
537 3744 669 3814 poeticam
684 3743 734 3795 sibi
748 3745 896 3816 inspirasse.
912 3747 1030 3815 Propert.
1044 3744 1170 3808 111,3,6.

188 3903 248 3951 Van.
267 3901 291 3950 3.
307 3902 340 3949 Ut
352 3914 443 3968 repente
455 3908 488 3953 sic
504 3914 571 3969 poeta
583 3906 706 3972 prodirem.
722 3905 823 3957 Multum
842 3908 866 3953 in
882 3905 928 3953 hoc
943 3921 1012 3953 serso
1030 3905 1120 3953 veriam
1137 3906 1205 3955 codd.

162 3981 206 4019 mm
220 3975 246 4020 iu
262 3973 346 4020 ordine
362 3976 501 4034 verborum,
520 3989 569 4024 tum
585 3980 610 4024 in
626 3994 769 4042 unoquoque
778 3979 859 4026 verbo.
878 3978 971 4025 Habent
980 3975 1018 4024 elii
1029 3977 1156 4040 prodirem,
1166 3979 1206 4027 elii

160 4041 238 4096 flam.
255 4042 374 4090 Prodinm
391 4045 495 4107 pretuli,
513 4047 579 4111 qnod
595 4061 630 4095 est
649 4047 790 4110 domnus,
803 4062 826 4096 et
842 4065 855 4094 a
875 4051 956 4096 Gracc
969 4057 1099 4095 musetum
1114 4045 1206 4113 insif-

163 4109 349 4193 xssdaffipiet.
362 4127 390 4160 ra
403 4109 473 4163 r'ors
485 4112 681 4177 descernimus
692 4112 743 4180 ipsis
754 4114 915 4167 isarssisoie.
1030 4155 1032 4159 y
