2588 5176
206 127 244 185 ,iffi
379 118 531 179 h'hlildi
560 116 827 174 hifitl'i'itthllh'
855 114 912 175 ΕΤ
941 116 1073 176 ΝΟἹἜ

210 226 362 276 -.lnln¹lrt.
376 223 452 289 Quini
466 243 523 269 runt
538 224 608 287 {pxiii
621 222 737 268 nnlnhin
754 222 976 290 pronuntimnlnnr
994 239 1046 277 rat,
1062 223 1113 270 lior
1129 226 1289 273 andrai..-

203 309 322 359 dirimur.
339 331 348 351 a
362 304 445 353 Verba
460 305 533 374 qumi
546 302 668 352 anhelata
681 306 785 369 gravius
798 327 824 363 n,
840 303 909 351 'l'nlh
923 304 1079 366 3,‹h÷01·n.
1092 306 1191 354 (Ianira
1204 305 1289 353 Ι-ι

201 388 293 438 vitium
306 387 332 436 in
345 383 480 436 recitando
493 394 582 432 monet
592 382 703 449 Quintil.
714 383 838 445 lnstit.X‚
854 381 870 433 5
883 404 889 432 ι
906 384 991 435 «Sunt
1004 385 1051 454 qui
1063 383 1161 434 erebro
1173 382 1289 436 aad

203 465 252 517 litu
263 479 288 517 et
298 466 440 515 introrsum
450 462 528 513 etiam
539 459 611 511 clare
621 474 733 511 sonante
743 461 878 512 imitentur
885 463 1006 530 jumenta
1016 480 1099 514 onere
1110 475 1136 514 et
1145 465 1211 534 jugo
1280 461 1293 512 l

203 545 332 598 borantia.
343 542 424 612 Quod
432 540 567 594 adfectant
577 559 698 614 quoque,
706 554 834 613 tanquam
840 542 1000 594 inventionis
1008 544 1086 613 copia
1096 556 1290 613 urgeant-:r

202 629 339 698 majorque
351 626 388 677 vis
398 622 555 695 eloquentiae
567 623 687 693 ingruat,
700 640 778 695 quam
795 639 853 694 qna
865 620 986 674 lancibus
1000 623 1084 674 emitti
1098 624 1196 694 possit.
1206 646 1240 670 ι

237 732 304 782 Nor.
322 728 360 781 15.
368 728 473 781 Scilicet
481 727 534 778 hoec
539 725 641 800 populo
646 744 777 799 pexusque
785 739 895 801 toqaque
904 728 1006 779 recenti.
1015 757 1050 766 -
1057 728 1193 779 Nimirum
1200 726 1280 779 ine

202 810 325 866 recitabis
333 811 395 862 olim
404 807 438 861 ad
448 808 588 883 populum.
599 810 638 861 De
649 807 698 860 illis
709 807 909 860 recitationibus
919 828 974 860 non
984 808 1057 861 solus
1066 811 1188 861 meminit
1197 812 1274 861 Per·

202 894 257 945 sins
268 892 296 941 in
309 890 359 942 bac
371 890 464 954 satira,
482 886 529 939 sed
540 886 655 958 equales
667 889 724 956 ejus
737 905 842 949 omnes3
856 901 882 939 et
896 902 991 959 postea
1004 889 1089 940 Tacit.
1102 887 1136 940 de
1149 890 1264 941 Orator.

201 968 305 1038 Dialog.
318 987 377 1039 cap.
390 966 440 1029 lX,
452 980 477 1017 et
491 967 598 1036 passim.
612 965 676 1016 Plin.
690 965 773 1036 Epist.
787 965 850 1031 vll,
868 984 913 1037 17,
926 966 1041 1019 Martial.
1055 967 1105 1032 ΠΙ,
1118 967 1169 1035 44;
1179 969 1257 1020 Jnre·

202 1050 269 1103 nalis
283 1064 309 1102 et
320 1053 345 1115 l,
360 1049 472 1119 princip.
488 1060 514 1099 et
528 1048 579 1111 111,
592 1064 624 1116 9,
639 1058 665 1097 et
677 1047 739 1110 Vll,
753 1045 786 1097 82
801 1065 878 1118 sqq.:

401 1138 502 1182 Curritur
508 1138 536 1180 ad
543 1150 617 1180 rocem
623 1135 747 1192 jucundam
755 1146 777 1179 et
785 1150 873 1179 carmen
882 1137 959 1182 amice

401 1204 535 1256 Thebaidos,
543 1202 616 1246 letam
624 1201 675 1245 tecit
682 1216 752 1259 quum
760 1203 841 1246 Statius
849 1204 939 1256 urbem,

401 1271 547 1326 Promisitqne
554 1270 621 1312 diem.
629 1271 698 1313 Tanta
706 1269 821 1313 dulcedine
828 1266 904 1327 captoi

403 1339 476 1384 afficit
485 1338 521 1382 ille
530 1337 628 1391 animos,
639 1346 742 1394 tantaque
751 1337 841 1381 libidine
851 1337 909 1395 vulgi

188 1466 191 1471 .
403 1409 507 1452 luditur!
517 1441 521 1450 .
531 1440 536 1450 .
546 1440 565 1451 ..

203 1492 338 1563 Persasque
345 1498 455 1561 toqaqne
462 1485 565 1538 recenti.
573 1484 699 1535 -Pexus
706 1483 800 1536 nonde
809 1483 909 1557 capillis
915 1497 1017 1536 tantum
1025 1486 1138 1539 forsitan
1145 1486 1247 1559 intelligi

204 1570 297 1635 debet,
308 1567 355 1622 sed
361 1567 394 1618 de
403 1568 483 1618 totius
493 1567 613 1636 corporis
623 1564 766 1617 munditiis.
780 1595 813 1603 —
826 1566 950 1639 Topaqne
957 1568 1065 1634 recenti,
1075 1565 1249 1635 retnovmel

203 1670 218 1702 a
234 1649 335 1701 fullone
348 1659 467 1698 recenter
478 1658 596 1716 accepta.
609 1646 752 1696 Recentem
769 1646 838 1696 enim
851 1656 902 1697 eta
917 1645 1019 1698 fullone
1031 1643 1192 1699 candentem
1203 1648 1238 1699 tta

205 1730 275 1780 mani
287 1722 507 1778 assumebantdie
515 1725 608 1795 quovis
620 1724 702 1789 festo,
715 1724 768 1775 sire
779 1721 888 1793 publica
899 1725 952 1776 sive
964 1725 1067 1795 privata
1079 1723 1249 1777 solemnitate.

240 1838 306 1887 Nor.
326 1831 365 1885 16.
380 1833 414 1882 Et
426 1828 549 1881 natalitia
561 1831 666 1880 tandem
678 1848 737 1881 cum
748 1830 908 1902 sardonyche
919 1830 1000 1883 albus.
1011 1860 1048 1870 -
1056 1829 1205 1900 Natalitia,
1213 1832 1254 1885 vel

205 1933 258 1988 qna
272 1912 356 1964 natali
366 1911 408 1963 die
421 1910 508 1963 solum
518 1909 653 1977 utebatur,
663 1911 704 1963 vel
715 1931 794 1984 quam
807 1911 893 1963 natali
906 1911 949 1963 die
963 1911 1036 1963 dono
1049 1927 1200 1985 acceperat.
1209 1915 1253 1966 Jo-

204 1992 290 2047 venal.
299 1991 352 2044 Sat.
360 1992 409 2055 lX,
417 2012 441 2042 v.
451 1990 485 2042 50
494 2012 501 2050 ;
511 1990 595 2042 Plaut.
605 1990 683 2042 Cure.
691 2011 714 2042 v.
724 2009 737 2042 π
746 2029 754 2049 ,
763 1993 804 2044 56.
818 2021 852 2029 -
864 1991 1124 2063 Sardonychegenns
1131 1993 1254 2064 onychis,

205 2092 277 2145 onyx
286 2074 381 2127 sardus.
393 2071 458 2122 Plio.
469 2071 536 2123 Hist.
545 2072 605 2122 Nat.
618 2069 662 2122 lib.
672 2071 810 2136 xxxvtt‚
821 2090 879 2142 cap.
890 2071 932 2123 2³.
942 2074 1003 2123 llaec
1012 2089 1117 2141 gemma
1126 2074 1157 2125 in
1166 2074 1255 2145 signa·

206 2156 272 2210 culis
282 2157 397 2226 primum
412 2153 500 2205 locum
514 2151 661 2203 obtinebat.
676 2151 797 2204 Juvenal.
812 2153 887 2204 Satir.
900 2153 972 2216 xttt,
991 2153 1040 2205 138
1053 2170 1111 2225 sqq.
1124 2154 1256 2207 Ceteram

206 2257 308 2309 gemma
324 2256 373 2307 pro
389 2234 489 2287 annulo
505 2236 592 2305 posita
608 2248 655 2285 est.
671 2234 711 2285 De
722 2252 884 2303 gemmarum
898 2247 943 2285 aut
960 2233 1122 2286 annulorum
1139 2254 1192 2288 usu
1202 2235 1254 2289 rid

206 2315 327 2369 Juvenal.
343 2319 367 2377 l,
381 2332 411 2383 ²7
426 2333 484 2385 sqq.
500 2315 551 2379 Vl,
564 2314 616 2382 379
630 2333 687 2385 sqq.
701 2316 805 2365 Petron.
821 2313 867 2376 55;
881 2312 996 2365 Martial.
1008 2318 1046 2380 V,
1064 2331 1110 2382 tr,
1131 2318 1257 2386 13Quin·

207 2394 246 2446 til.
259 2395 322 2444 inst.
334 2393 385 2455 xt,
396 2392 427 2455 3,
438 2392 471 2442 de
481 2391 555 2442 cultu
568 2393 681 2444 oratoris
692 2414 698 2442 ε
713 2415 723 2437 ι
733 2395 829 2443 Manus
838 2411 893 2444 non
906 2393 1048 2464 impleatur
1059 2393 1182 2464 annulis,
1192 2415 1256 2469 pre·

207 2478 286 2547 cipue
297 2473 399 2525 medios
412 2472 537 2524 articulos
552 2492 605 2524 non
619 2473 824 2525 transeuntibus.
834 2499 845 2520 ι
862 2472 941 2526 Mart.
953 2477 989 2541 ll,
1006 2493 1056 2544 29:

407 2562 474 2619 Cujus
481 2573 502 2605 et
510 2562 561 2605 hine
568 2562 626 2605 lucet
634 2564 797 2622 sardonychata
805 2576 891 2607 manin.

208 2670 242 2682 -
252 2639 368 2690 Tandem
376 2637 446 2688 refer
456 2636 488 2688 ad
501 2636 605 2707 longam
615 2639 776 2690 recitationis
788 2641 1025 2710 exspectationem,
1033 2642 1122 2711 potius
1133 2660 1215 2715 quam
1224 2663 1256 2698 eo

209 2720 281 2793 quod
290 2725 335 2792 qui
346 2732 475 2770 ornantur
485 2733 619 2791 postremo
630 2719 690 2770 loco
699 2720 812 2773 annulos
821 2736 927 2773 sumunt
938 2721 1012 2794 (que
1021 2724 1208 2794 interpretatio
1218 2741 1256 2780 est

207 2797 387 2867 casauboni),
397 2798 438 2850 rel
449 2817 480 2850 eo
489 2798 561 2869 quod
570 2799 602 2849 de
614 2803 663 2851 isto
671 2798 814 2852 delicatulo
823 2803 964 2854 recitatore
971 2802 1040 2854 idem
1049 2800 1193 2857 dicendum
1202 2819 1256 2869 est,

209 2898 239 2932 ac
246 2880 384 2930 Terentius
394 2878 429 2930 de
437 2877 614 2930 mulierculis:
629 2902 640 2924 κ
648 2876 711 2929 dnm
723 2894 878 2944 comuntur,
888 2898 974 2931 annus
982 2894 1029 2932 est.
1039 2904 1050 2928 u
1064 2911 1097 2919 —
1107 2880 1206 2951 Albus,
1215 2884 1256 2937 rel

208 2959 466 3024 aresterecenti‚vel
474 2978 488 3011 a
497 2961 578 3010 totius
587 2961 705 3030 corporis
714 2959 848 3011 munditiis
855 2998 862 3022 ,
869 2972 897 3010 ut
905 2960 977 3031 apud
984 2963 1075 3012 Horat.
1081 2960 1169 3029 sant,
1177 2964 1255 3032 a,61:

839 3047 904 3092 festos

407 3106 484 3148 Aibatr'
491 3105 600 3148 celebrare
607 3105 664 3148 dies.
672 3139 677 3149 .
685 3140 699 3150 ..

208 3185 282 3240 Adde
294 3184 366 3258 quod
379 3196 450 3235 veste
461 3182 574 3233 candida
586 3182 744 3254 prodibant,
755 3185 799 3254 qni
812 3183 906 3255 populi
915 3187 1026 3255 gratiam
1036 3186 1254 3258 aucupabantur5

168 3298 172 3306 ·
207 3266 278 3320 unde
290 3267 367 3317 etiam
380 3261 518 3314 Candidati
530 3262 594 3314 dieti
608 3276 678 3314 sunt.
690 3264 778 3315 Minus
792 3264 937 3335 probabilis
949 3283 1041 3316 eorum
1056 3268 1257 3338 interpretatio,

209 3347 305 3422 quibus
320 3344 393 3396 albus
404 3342 473 3394 idem
488 3357 528 3394 eat
542 3362 572 3394 ae
584 3343 697 3414 pallidus
714 3345 752 3396 vel
768 3345 860 3398 labore
878 3346 918 3397 sel
938 3360 1018 3398 metu.
1038 3350 1171 3400 Neutrum
1187 3353 1256 3402 enirn

207 3427 310 3481 homini
322 3423 433 3478 ridiculo
445 3426 582 3488 convenit,
595 3427 670 3494 cnjus
685 3424 728 3478 hic
740 3425 914 3479 adumbratur
926 3428 1022 3498 imago.

238 3630 299 3675 Van.
309 3644 343 3691 ¹7·
352 3626 409 3673 Sede
417 3623 474 3690 teqes
481 3624 549 3671 celsa.
557 3652 587 3662 —
595 3628 689 3691 natant
694 3640 717 3675 et
726 3629 883 3694 leqetqnidam
890 3631 953 3675 MSS.
961 3630 1029 3677 codd.
1039 3629 1114 3696 ieqeru
1122 3630 1197 3679 ferme
1206 3648 1257 3679 om·

210 3714 257 3744 nes.
269 3704 343 3762 Atque
351 3710 489 3760 postremam
496 3694 555 3741 hanc
565 3695 687 3744 lectionem
696 3700 788 3745 admisit
795 3698 916 3747 salutarius
922 3700 951 3746 ad
957 3700 1029 3748 Solio.
1038 3701 1104 3764 pem
1115 3717 1194 3766 neque
1200 3718 1256 3764 pro·

210 3770 272 3815 lecto
283 3772 361 3831 inepta
372 3782 418 3824 est,
432 3768 472 3820 red
482 3770 559 3814 minut
569 3770 664 3834 simplex
673 3786 697 3818 et
704 3773 836 3823 commoda,
846 3788 915 3835 quam
926 3790 954 3819 ea
960 3790 1028 3836 qnam
1038 3773 1181 3819 admisimus.
1192 3773 1255 3818 satr-

210 3839 329 3886 audiretur
339 3841 401 3886 enim
412 3855 506 3887 necesse
515 3839 577 3887 iores
588 3842 691 3890 recitabis
704 3842 733 3889 ad
744 3859 770 3890 ea
783 3843 868 3891 rerba:
883 3841 967 3892 seiten
981 3842 1028 3889 hoec
1038 3842 1137 3906 populo,·
1154 3856 1177 3890 et
1191 3842 1257 3907 qussi
