2588 5176
300 392 350 456 IN
375 390 587 457 ssTtttAM
612 393 820 458 ΡΒΙΜΔΜ.
1041 399 1078 464 3ι

63 499 157 557 rbostsm
170 521 220 574 per
235 500 306 554 hanc
320 519 412 553 vocem
430 513 505 565 tunc,
521 500 628 572 reliquit
640 503 838 574 imperfectam,
851 504 928 557 simili
939 507 1041 560 rstioue
1053 528 1085 562 ec

62 601 131 655 supra,
140 603 221 657 quum
232 583 297 635 dixit
308 602 314 633 t
328 601 390 633 nom
401 583 490 635 llomoe
499 583 557 653 quis
567 602 662 634 nort...
669 605 678 643 ,·
688 597 728 650 et,
738 586 815 655 qussi
825 584 905 637 rerba
915 605 973 658 quse
981 591 1086 643 reticmt

61 667 173 730 misisset,
181 664 304 735 subjicit:
314 665 450 737 iquoscite,
458 663 485 714 h.
495 683 518 715 e.
528 665 631 715 venium
639 663 749 717 dete—
756 666 827 720 Nolo
833 688 842 728 ,·
850 671 1087 738 recusstmoriitor,

61 747 154 815 qnsude
166 747 298 799 sententis
311 743 504 808 multitudinis,
516 743 582 796 dare
594 747 706 797 veniam.

78 856 131 907 llus.
143 873 182 908 ts.
193 853 366 927 Quidfociom
373 855 413 904 Ρ...
422 853 474 905 Sed
479 872 533 905 sum
539 853 676 926 petulanti
681 853 769 928 splene
776 858 910 911 cachinno.
917 860 1014 910 -an
1022 878 1088 912 voce

59 934 102 986 tolo
111 938 182 1007 qnasi
193 948 339 997 retractus,
351 932 489 1004 paululum
500 932 623 986 dubitare
630 934 858 1003 videturPrrsius,
869 957 903 989 an
912 937 962 990 sibi
970 954 1088 1010 perstan-

56 1012 179 1070 linurin
191 1015 321 1069 consilio?
334 1033 394 1066 mox
406 1034 468 1067 sero
481 1016 652 1068 confirmatus
662 1035 690 1068 se
702 1016 764 1068 dicit
777 1032 927 1090 temperare
940 1039 993 1071 non
1008 1039 1088 1093 posse

10 1118 13 1123 ·
55 1098 322 1157 triam-Coclitum,
333 1095 403 1157 ossis,
414 1095 617 1160 risoretdicnx,
628 1098 710 1169 quiin
722 1099 757 1150 ris
812 1098 925 1151 solutior
934 1115 971 1151 est
983 1116 1087 1156 nutura.

54 1176 212 1230 -Petslussti
220 1175 317 1249 splene.
330 1174 411 1245 Splcrt
421 1193 559 1245 graecarox
570 1189 610 1227 est
623 1171 705 1227 ortis.
717 1116 843 1229 Peliffaus
851 1178 940 1250 splen,
950 1181 967 1230 i.
979 1196 1002 1232 e.
1014 1183 1087 1254 quod

54 1273 75 1307 se
83 1269 164 1309 tenere
175 1258 270 1327 nequit
281 1255 402 1327 aliosque
414 1258 524 1326 appetit.
540 1255 563 1305 A
576 1257 689 1326 petendo
701 1257 786 1319 enirn,
799 1271 827 1309 ut
839 1260 874 1308 ait
884 1259 1000 1325 Tullius,
1010 1272 1088 1333 petu-

54 1333 119 1387 lantia
128 1339 262 1389 nominata
274 1350 322 1388 est.
333 1337 498 1406 Cuicumque
508 1334 617 1387 aflectui
630 1338 705 1408 quasi
715 1336 803 1388 sedem
816 1353 959 1408 posuerunt
973 1356 1087 1404 veteres3

53 1414 129 1469 letitiae
137 1417 245 1490 quidem
259 1419 284 1469 in
295 1414 392 1489 splene.
403 1417 539 1470 Curiosius
550 1436 581 1468 ea
591 1431 701 1469 monent
711 1419 738 1470 iu
750 1417 858 1471 scholiis
868 1423 1035 1474 vetustissimi
1045 1425 1087 1476 iu-

54 1511 169 1570 terpretes.

76 1685 128 1730 Van.
139 1683 173 1731 13.
181 1684 304 1732 Sesibbnus
311 1683 395 1730 inclusi
400 1698 504 1729 nrrmeros
512 1682 602 1741 ille‚liic
607 1685 664 1747 pede
671 1683 811 1729 uben-sic
819 1699 873 1730 enm
881 1702 972 1732 versum
981 1689 1089 1735 emcnda-

54 1755 78 1801 tit
87 1757 223 1810 Gronovius,
238 1756 338 1802 Distrib.
356 1771 376 1801 c.
390 1755 435 1812 al:
456 1756 592 1812 Scribimus,
606 1756 707 1803 inclusus
724 1760 823 1802 numeris
836 1755 886 1811 ills,
904 1757 939 1803 liic
952 1760 1009 1820 pst«
1023 1759 1087 1807 liler.

53 1821 99 1884 Qus
109 1827 219 1873 correctio
233 1826 396 1872 concinnitatis
408 1824 475 1872 unde
488 1826 673 1873 commendatur.
694 1825 757 1872 b'ihil
769 1839 803 1872 cst
813 1844 868 1875 sero
879 1827 942 1890 quod
954 1829 1024 1876 verbs
1035 1846 1088 1879 cot·

53 1893 148 1954 n'gsmns,
159 1912 211 1960 qne
223 1908 247 1943 et
259 1894 338 1957 probas
350 1906 403 1939 sunt
414 1893 545 1948 latinitatis,
560 1908 582 1940 et
596 1911 689 1941 seustsm
702 1893 788 1941 liabent
800 1897 923 1958 optimum.
933 1924 963 1935 -
973 1901 1088 1948 Coeterunt

54 1963 83 2010 liic
90 1983 163 2013 seems
172 1967 284 2013 monitori
292 1967 371 2028 potius
380 1981 450 2028 quom
460 1966 540 2012 Persio
550 1965 686 2013 tribuendus
698 1967 800 2022 videtur,
812 1969 860 2013 sire
870 1969 899 2016 ad
909 1972 990 2027 verbs,
1001 1974 1048 2018 sire
1058 1974 1089 2019 sd

54 2043 172 2086 cremum
182 2053 274 2102 spectes
283 2050 436 2101 tenoremque
446 2040 563 2085 orationis.
578 2041 666 2085 Etenim
679 2056 728 2085 non
741 2039 846 2099 ejusdcm
858 2042 954 2101 coloris,
968 2061 1016 2093 uon
1026 2046 1089 2107 ejus-

55 2107 96 2154 dem
104 2111 168 2157 animi
176 2123 212 2158 est
221 2109 259 2156 hic
270 2126 363 2165 sersus,
371 2122 441 2172 itque
448 2110 465 2155 ii
473 2111 513 2171 qui
522 2124 660 2172 sequuntur.
674 2111 739 2157 Alius
752 2111 856 2172 ptocidus
865 2127 892 2158 sc
901 2112 971 2168 leuis,
982 2114 1021 2162 slii
1031 2131 1088 2163 tero

56 2179 184 2231 rubium
190 2195 214 2231 et
221 2174 302 2245 aperte
311 2182 405 2229 sstirici.
417 2181 482 2227 Adde
490 2182 555 2245 quod
564 2182 682 2230 scribimus
689 2185 726 2228 vis
733 2183 794 2228 bene
802 2184 940 2243 jungeretur
950 2186 972 2231 in
983 2186 1087 2247 ejusdcm

57 2262 88 2293 ore
98 2265 198 2312 persone
210 2267 264 2297 cnm
275 2267 283 2298 t
293 2249 391 2308 scilicet,
404 2248 475 2313 lepes,
486 2249 600 2298 collectis.
614 2254 749 2298 Orationem
760 2255 832 2312 igitur
841 2256 962 2302 monitoris
972 2257 1088 2303 Romanos

57 2326 164 2371 unuantis
173 2323 282 2386 abrumpi
291 2339 304 2368 a
314 2323 392 2369 Persio
402 2322 547 2370 verisimilius
557 2336 607 2378 est;
617 2323 680 2385 qnod
692 2336 715 2368 et
726 2323 786 2369 infra
796 2327 896 2370 recurrit
905 2325 936 2370 ad
944 2342 965 2370 v.
975 2328 1013 2372 3⁰.
1024 2330 1089 2375 lianc

58 2388 161 2443 lectionem
170 2397 264 2442 videtur
273 2394 391 2442 admisisse
401 2397 425 2439 in
435 2408 573 2456 argumento
583 2410 626 2440 suo
637 2395 741 2458 Koenig„
754 2410 823 2456 quam
834 2410 909 2458 neque
921 2399 944 2442 in
955 2397 1027 2442 Persii
1036 2415 1089 2444 rer-

58 2462 105 2512 vbus
113 2482 203 2515 secutus
213 2480 262 2525 est,
272 2482 349 2531 neque
359 2468 383 2511 iu
395 2468 457 2512 notis
466 2478 554 2511 tuetur.

83 2563 140 2618 Nor.
157 2565 196 2618 13.
212 2566 352 2620 Scribimus
362 2563 456 2617 inclusi
469 2581 587 2616 numeros
600 2562 658 2631 ille,
670 2563 711 2615 liic
722 2562 789 2634 pede
802 2562 873 2616 liber.
883 2594 919 2603 -
931 2566 1015 2634 Quasi
1028 2565 1087 2619 velit

59 2640 217 2700 Romanorum
229 2664 353 2698 excusare
365 2664 468 2713 mores,
483 2646 518 2696 nit
533 2646 664 2696 monitor:
677 2643 741 2716 quid
752 2643 859 2698 tandem
871 2660 909 2698 est
923 2645 1022 2719 culpae,
1037 2648 1058 2700 si
1073 2668 1088 2701 n

59 2723 119 2776 turba
128 2725 285 2778 recedamus
299 2722 392 2777 studiis
404 2744 454 2777 nos
468 2724 607 2777 tradituri?
620 2742 699 2797 quam
710 2726 866 2777 sententiam
880 2726 974 2781 refellit
987 2729 1089 2781 Persius

59 2820 128 2871 peren
137 2825 195 2878 quse
205 2819 362 2877 sequuntur.
375 2836 410 2844 —
421 2804 520 2857 Inclust'
530 2825 544 2858 a
554 2804 632 2859 turba
645 2803 797 2857 recedentes
808 2818 833 2855 et
844 2805 926 2856 abditi
937 2808 963 2856 iu
973 2811 1087 2861 secretis.

58 2885 166 2940 Persinnis
178 2890 248 2941 euim
261 2887 425 2961 temporibus
439 2901 541 2959 reperta
555 2901 615 2939 sunt
626 2901 725 2938 secreta
739 2887 798 2951 illa,
811 2886 848 2938 illi
860 2907 979 2945 recessus
993 2889 1088 2961 quibus

59 2981 100 3018 sese
112 2967 283 3020 continebant
296 2969 447 3038 scriptores.
460 2968 543 3019 Tacit.
559 2967 662 3038 Dialog.
680 2966 713 3019 de
728 2968 801 3020 Ornt.
816 2986 875 3040 cap.
895 2986 923 3021 ts
941 2982 966 3020 et
981 2972 1086 3041 possim.

57 3045 176 3101 Inlectnlo
190 3067 298 3121 quoque
310 3048 431 3100 meditari
441 3047 561 3100 solebant
570 3063 656 3120 poetre
666 3061 692 3100 et
702 3063 830 3102 oratores.
841 3049 917 3102 ovid.
929 3052 1007 3106 Trist.
1020 3053 1045 3118 l,
1061 3068 1088 3119 t,
1189 3082 1201 3090 ·

56 3128 92 3195 4¹5
102 3131 153 3185 Cic.
167 3129 201 3183 de
210 3134 284 3185 Orat.
297 3131 333 3182 ΙΙΙ
339 3168 347 3196 ,
361 3131 391 3193 5;
404 3130 468 3182 Plin.
480 3130 565 3201 Epist.
576 3130 609 3195 V,
623 3129 664 3183 55.
673 3160 709 3170 -
718 3133 862 3197 Numeros,
876 3132 892 3182 i.
904 3151 925 3183 e.
936 3151 1034 3185 tersus.
1048 3135 1088 3186 Ne

55 3208 139 3262 niteris
150 3211 257 3265 scribere
268 3227 387 3261 numeros
398 3228 447 3279 pro
459 3230 465 3259 =
481 3208 595 3260 scrihere
607 3207 784 3260 aut'coudere
798 3228 897 3262 versus.
909 3208 982 3282 Saepe
994 3214 1088 3285 saepius

55 3306 183 3343 occurrunt
194 3290 267 3362 opud
277 3293 393 3343 Persium
405 3289 554 3342 locutiones
567 3291 653 3340 minus
664 3291 765 3341 usllttlae
777 3290 848 3361 opud
859 3305 965 3343 caeteros
976 3295 1089 3365 scripto·

54 3386 98 3435 [ιη
112 3374 177 3444 pede
191 3371 269 3439 liber,
282 3371 378 3444 rythmi
388 3370 489 3442 legibus
501 3370 618 3433 solutus;
630 3372 776 3442 opponitur
787 3375 907 3425 numeris.

78 3479 142 3531 Nor.
165 3479 206 3544 14.
227 3478 331 3531 Grande
344 3477 459 3550 aliquid,
473 3477 546 3550 quod
556 3475 650 3548 pulmo
663 3477 760 3527 artimoe
771 3476 914 3550 proeloryus
926 3477 1040 3532 «nieles.
1053 3513 1088 3521 —

54 3556 142 3612 ironice
156 3559 268 3611 denotat
282 3557 409 3611 tumidam
422 3573 448 3610 et
462 3560 576 3611 inaniter
588 3556 705 3609 inflatam
721 3559 877 3610 orationem.
892 3558 973 3628 Qood
985 3560 1094 3615 dicendi.

53 3652 124 3703 genus
133 3642 172 3691 sic
180 3637 353 3708 reprehendit
362 3640 512 3701 Petronius,
525 3657 547 3689 c.
564 3654 572 3688 t
586 3660 591 3687 :
607 3660 617 3682 ι
629 3656 715 3689 rerum
727 3651 858 3690 tumorem
865 3651 891 3690 et
900 3641 1088 3692 sententiarum

54 3720 213 3770 ianusimum
221 3721 367 3790 strepitum.
379 3743 390 3765 ι
399 3718 498 3770 Eodem
509 3736 589 3770 sensu
599 3719 690 3770 Horat.
703 3720 729 3769 in
738 3719 809 3782 Arte,
820 3717 870 3788 457
879 3716 975 3770 habet:
990 3740 1001 3762 ι
1011 3717 1090 3772 subli-

55 3814 97 3850 met
106 3819 194 3852 uersus.
206 3823 217 3847 s
229 3830 265 3840 -
276 3801 351 3869 Quod
359 3799 451 3869 pulmo
462 3814 527 3864 etc,
541 3800 558 3849 i.
572 3817 595 3850 e.
610 3797 684 3871 quod
698 3798 789 3869 pulmo
807 3814 833 3851 et
848 3799 1048 3870 capacissimos,
1064 3812 1088 3849 et

54 3871 140 3949 largius
152 3881 273 3952 spiritum
286 3878 411 3933 hauriens
426 3882 482 3932 sinc
496 3879 614 3933 anhelitu
632 3881 743 3932 recitare
758 3900 813 3933 uon
826 3882 920 3951 possit.
936 3909 969 3918 —
986 3878 1090 3930 Anime

55 3957 192 4034 proelorpus,
202 3978 280 4031 grue.
293 3959 375 4012 locut.
386 3961 424 4013 uti
438 3958 533 4033 infelix
542 3960 682 4014 studiorum
698 3962 725 4014 in
736 3963 808 4030 Virg.
821 3959 919 4028 Georg.
930 3959 1046 4027 ltl‚498.
1056 3990 1089 4000 -·

56 4037 142 4092 Anima
154 4061 204 4114 pro
216 4043 309 4113 spiritu
323 4043 458 4112 accipitur.
474 4041 550 4095 ovid.
564 4041 741 4113 Metamorph.
753 4041 901 4106 v111,xv‚
913 4040 964 4092 33:

244 4130 318 4173 smus
327 4130 385 4174 esst
394 4127 757 4188 &manuductum
