2588 5176
137 808 160 877 d
199 846 205 857 ·
310 804 465 873 VARIAE
488 805 761 871 LECTIONES
783 806 847 870 ET
869 805 1006 872 NOTAE

172 936 239 989 Now.
252 934 278 987 3.
288 934 359 989 stc...
366 932 607 1005 prodirem-Sic,
615 930 641 983 h.
650 950 673 983 e.
683 934 739 983 sine
748 930 854 996 labore,
864 934 919 985 siue
927 932 1028 998 studio,
1036 930 1088 986 diis
1093 936 1185 1006 juran-

135 1013 216 1067 tibus:
225 1014 315 1067 Graeca
327 1011 428 1066 locutio
436 1018 491 1065 est:
503 1008 561 1062 siro
571 1013 640 1063 euim
647 1012 745 1081 passim
755 1012 1181 1081 accipitur,utlticsic·1)emosth.

135 1092 229 1167 Philip.
241 1095 267 1145 Ιι
277 1091 339 1159 ὑμεῖς
348 1093 375 1143 δι
384 1090 443 1143 edre
453 1089 504 1146 eds
516 1090 571 1143 s'rw
581 1086 730 1159 aepsypbrsr
742 1086 881 1155 nuntiem.

60 1340 63 1345 ⁴
165 1282 228 1335 Vas,
244 1278 268 1339 4.
285 1279 497 1344 Heb'costiadasque.
507 1278 599 1335 liabent
610 1290 634 1325 et
643 1276 712 1324 codd.
722 1276 878 1325 Heb'oonidur.
893 1278 999 1327 Admittit
1010 1294 1137 1343 utrumque
1146 1280 1184 1327 lex

134 1368 230 1411 versus,
246 1365 271 1401 et
283 1354 363 1399 Grues
374 1348 609 1414 magistatem
626 1353 689 1397 euim
706 1351 792 1398 dieitur
809 1367 875 1415 aeqoe
894 1347 1183 1402 ac'Fnssalnoe.11elt'co·

134 1424 214 1471 sums
223 1420 1006 1487 veroproetuli1‘.qutsmspisusitttumlnisteridetur11elioonsiu.
1016 1424 1112 1471 Hesiod.
1123 1426 1182 1472 Gen.

134 1494 209 1541 Deor.
218 1494 318 1557 princip.
328 1483 611 1555 Moundor'litsquruidot
621 1483 744 1553 Apxdptd’
752 1487 840 1539 arton.
851 1494 999 1557 Lucrettll,
1010 1495 1084 1541 rodo:
1098 1516 1108 1537 ι
1118 1495 1183 1542 Adde

133 1564 307 1612 Heliconiadum
317 1566 428 1619 comites,
438 1578 540 1627 quorum
551 1578 612 1609 unus
622 1564 745 1609 llomeros.
754 1584 765 1604 ι
783 1568 819 1611 2⁰.
835 1567 887 1611 Nou
903 1564 992 1628 vulgari
1006 1565 1097 1627 judicio
1113 1580 1183 1629 poeta

133 1630 393 1681 ministrabamus.
411 1633 486 1679 Aucto
498 1634 561 1679 enim
574 1630 715 1696 syllabarum
726 1648 825 1681 numero
835 1650 862 1682 ac
871 1639 999 1698 prasertim
1009 1637 1098 1683 inserts
1108 1635 1184 1683 vocali

133 1702 271 1766 grandisona
277 1719 305 1759 a,
314 1718 407 1751 rctsuru
415 1702 507 1750 ridebat
519 1700 580 1749 effici
586 1700 706 1764 amphoris
714 1703 766 1748 toni
779 1715 802 1750 et
811 1704 1010 1768 rependissent,
1020 1705 1084 1769 quod
1094 1707 1183 1768 optime

132 1776 288 1823 conveniebat
296 1777 430 1831 sententie,
438 1791 484 1837 qua
491 1773 657 1837 grandiloquos
663 1785 745 1837 poetas
752 1775 932 1823 modestissimus
939 1778 989 1839 ipse
997 1779 1102 1839 agitaret,
1111 1779 1184 1822 Peco-

132 1844 196 1895 liaris
201 1846 252 1909 laus
259 1860 295 1895 est
305 1862 442 1917 magnorum
455 1848 596 1908 scriptorum
612 1857 692 1909 aptare
705 1846 832 1893 affectibus
845 1864 914 1895 voces
929 1861 952 1893 et
968 1865 1044 1895 sonos.
1056 1848 1110 1894 Vid.
1121 1848 1182 1893 inira

132 1918 375 1981 sesaminum
592 1917 595 1922 ·

167 2018 236 2071 Non.
245 2016 1184 2090 A.HeliconiodosqtsepullidantquePirenen.-Heliconiudat,Musns,

131 2098 168 2153 ab
176 2100 305 2155 Helicone
313 2114 404 2153 monte
412 2099 578 2151 ubimaxime
585 2097 756 2161 colebantur,
766 2098 858 2151 (listas.
870 2129 906 2138 —
920 2100 1015 2151 Pirene
1022 2101 1082 2154 ious
1091 2116 1147 2153 erat
1155 2102 1182 2152 in

131 2180 334 2241 Acrocorintho.
344 2177 422 2232 Diod.
431 2181 480 2245 tv,
489 2184 536 2250 743
544 2182 620 2231 Paus.
629 2177 748 2231 Corinth.
757 2178 834 2243 11‚3;
846 2179 930 2231 Strab.
939 2200 967 2252 p.
976 2179 1036 2233 582.
1044 2181 1087 2234 Sic
1094 2178 1128 2232 dc
1135 2178 1182 2232 illo

131 2261 207 2315 fonte
214 2273 346 2315 memorat
352 2260 450 2314 Plinius
458 2258 605 2323 secundus,
614 2258 631 2311 l.
640 2260 715 2326 lV‚c.
724 2258 755 2311 5:
768 2282 779 2305 ι
789 2258 880 2311 Medio
887 2259 940 2311 ltoc
948 2259 1182 2332 intervallo,quod

112 2396 115 2400 ,
131 2341 259 2405 isthmum
266 2338 610 2413 appellavimus,applieata
618 2339 679 2391 colli
688 2339 1182 2408 habitaturcoloniaCorinthus,antea

131 2420 237 2496 Ephyra
247 2419 332 2486 dicta,
340 2422 475 2491 sexagenis
482 2420 516 2472 ab
523 2432 638 2492 utroque
646 2419 734 2471 littore
741 2418 846 2485 stodiis,
856 2438 1030 2473 esummnsua
1039 2439 1114 2487 arce,
1122 2441 1182 2493 qun

132 2501 243 2554 vocatur
255 2494 479 2565 Acrocorinthos,
493 2502 521 2551 in
534 2519 586 2572 qua
595 2501 656 2552 fons
669 2502 776 2566 Pirene,
788 2499 890 2553 diversa
904 2500 958 2552 duo
973 2503 1055 2553 maria
1069 2520 1183 2574 prospe·

71 2587 74 2594 '
132 2593 216 2635 ctaos.
226 2605 238 2628 ι
249 2578 311 2633 Huc
320 2580 382 2635 ideo
391 2579 543 2651 diligentius
553 2580 670 2633 notanda
681 2582 803 2646 luerunt,
812 2593 941 2633 uteorum
950 2583 1041 2654 opinio
1048 2581 1182 2634 refellere·

132 2663 227 2734 torqui
233 2661 344 2716 Pirenen
351 2661 445 2715 vallem
453 2680 510 2714 esse
518 2660 702 2727 crediderunt,
710 2660 756 2713 ubi
765 2659 902 2713 studerent
911 2674 1001 2733 poetae.
1011 2661 1094 2713 Vetus
1102 2660 1181 2714 scho-

35 2792 49 2803 .,
79 2776 82 2781 -
130 2742 219 2797 liastes
226 2743 270 2797 hie
278 2757 354 2797 notat
361 2743 471 2797 Pirenen
481 2763 539 2797 esse
548 2741 650 2795 fontem
662 2743 796 2795 lleliconis
808 2744 921 2796 montis:
934 2746 1011 2815 eujus
1021 2762 1108 2795 errare
1120 2762 1181 2796 seu·

53 2830 57 2853 ³
70 2838 73 2845 ¹
131 2828 242 2877 tentiam
254 2840 280 2878 et
290 2826 367 2879 Plinii
378 2826 453 2878 locus
462 2824 506 2878 ille
514 2826 693 2892 demonstrat,
703 2839 730 2876 et
740 2825 804 2878 stat.
815 2815 938 2877 Genethl.
949 2825 1063 2886 Lucani;
1073 2839 1099 2877 ct
1109 2824 1180 2877 idem

131 2900 285 2959 Thebaidos
294 2906 337 2956 lll.
350 2906 472 2959 Ceterum
483 2903 545 2956 huic
555 2905 622 2956 fonti
633 2904 683 2954 vim
693 2902 861 2974 impertiendi
870 2903 1022 2955 facultatem
1032 2905 1180 2955 carminum

133 2982 161 3031 iis
170 2985 216 3053 qui
223 2982 351 3035 bibebant
359 2986 487 3055 exaquio,
497 3002 552 3035 non
559 2983 677 3035 tribuere
684 2984 780 3039 Cruci.
788 2985 865 3035 sicuti
872 2981 957 3035 Latini
964 2984 1113 3054 scriptores.
1123 2985 1180 3034 Hoc.

132 3058 195 3113 inde
201 3062 291 3113 forsan
299 3053 434 3133 repertum
441 3075 481 3114 est
489 3061 561 3133 quod
565 3063 641 3130 juxta
647 3062 748 3111 iontem
757 3059 831 3112 illum
837 3059 1025 3112 simulachrum
1033 3074 1088 3113 erut
1096 3060 1181 3133 Apol-

45 3188 48 3193 .
132 3138 199 3192 linis.
208 3139 1065 3213 Religiohujusiontissutisrmtiquaridetur.LegiturinEuripid.
1075 3142 1181 3205 Medea,

132 3220 167 3289 (i9
181 3241 186 3269 :
201 3217 278 3285 cipro
291 3219 349 3289 ddi-p
361 3219 474 3291 nsipiens.
491 3223 529 3274 De
540 3221 620 3290 hujus
637 3222 718 3273 fontis
735 3223 836 3291 origiue
848 3223 976 3290 rariatuut
992 3241 1101 3293 quoque
1115 3236 1156 3273 rst
1165 3243 1181 3274 a

133 3302 227 3371 poetis.
238 3301 335 3353 Narrat
351 3301 506 3355 scholiastes
523 3302 655 3374 Euripidis
669 3301 729 3355 loco
744 3304 839 3367 citato,
849 3303 976 3373 AEsopum
986 3303 1086 3354 Oceani
1097 3302 1180 3354 lilium

133 3378 204 3433 huuc
223 3381 326 3433 fontem
344 3384 497 3453 ingratiam
514 3380 771 3454 Sisyphiinreuisse.
789 3381 974 3434 Coos-Troad.
996 3398 1054 3450 207.
1076 3385 1180 3434 Memo-

132 3472 193 3511 rant
207 3458 251 3512 alii
260 3459 332 3513 hunc
346 3476 435 3515 ortum
450 3480 505 3515 esse
519 3481 599 3534 passu
613 3462 718 3533 ungulae
729 3464 829 3533 Pegasi.
841 3463 932 3533 Eurip.
946 3462 1027 3514 Elect.
1041 3462 1102 3533 475.
1114 3464 1179 3515 Stat.

133 3537 177 3603 IV,
193 3538 229 3590 60
251 3556 309 3611 sqq.
333 3553 360 3592 et
380 3539 444 3592 alibi
459 3543 565 3612 passim.
588 3541 709 3612 Denique
726 3540 820 3592 Pirene
835 3537 876 3590 vel
897 3537 1020 3606 Acheloi,
1033 3539 1075 3591 rel
1093 3539 1181 3592 AEbali

133 3616 186 3668 lilia
198 3620 222 3669 ri
235 3617 424 3691 lacrymarum,
439 3639 504 3691 quas
519 3621 554 3672 ob
569 3634 680 3673 mortem
696 3619 833 3693 Cenchriae
848 3619 894 3672 lilii
906 3619 940 3672 ab
952 3619 1086 3673 Artemide
1100 3622 1181 3673 inter-

132 3693 194 3746 iecti
205 3696 375 3766 profuderat,
388 3699 526 3750 insontem
538 3713 639 3751 mutata
650 3717 707 3751 esse
716 3696 820 3750 dicitur.
830 3699 900 3763 Fons
912 3712 968 3751 erat
976 3697 1090 3750 illustris.
1102 3698 1178 3750 Pind.

132 3774 237 3848 Olymp.
246 3778 321 3843 Xlll,
332 3778 367 3830 85
375 3796 433 3849 sqq.
446 3777 484 3829 ibi
498 3778 581 3830 schol.
595 3779 672 3832 ovid.
686 3798 717 3831 ex
729 3766 887 3844 P0n101‚'3‚
898 3778 941 3848 75.
955 3778 1090 3831 Pallidum
1101 3797 1181 3835 vocat

132 3855 260 3922 Pirenen,
272 3858 326 3910 sive
336 3858 410 3930 quod
421 3857 551 3931 nympha,
563 3878 676 3912 moerore
686 3858 733 3910 filii
743 3860 881 3924 coniecta,
893 3856 992 3930 pallida
1002 3860 1073 3931 aputl
1085 3877 1180 3933 poetas

131 3938 346 4009 nuncupabatur,
359 3942 413 3993 sive
427 3939 501 4012 quod
514 3943 533 3992 ii
547 3942 592 4012 qui
606 3940 732 3995 bibebant
746 3960 777 3994 ex
787 3943 862 4015 aquis
873 3944 992 4008 Pirenes,
1004 3957 1088 4014 poetae
1102 3946 1179 4010 iacti,

132 4016 266 4070 scribendi
280 4017 435 4073 lassitudine
445 4018 589 4093 pallebant.

161 4189 222 4236 Van.
237 4191 258 4237 5.
270 4189 320 4236 Illis
329 4194 425 4238 remitto.
437 4191 528 4237 liabent
538 4204 561 4236 et
570 4190 648 4237 mults:
657 4192 796 4239 membranae
804 4203 894 4238 veteres
904 4189 1018 4256 relinqrm
1027 4192 1067 4239 ted
1077 4198 1178 4250 renuite,

131 4257 291 4308 laudatissimae
300 4276 306 4307 t
315 4261 379 4325 quod
388 4263 475 4324 placuit
483 4264 562 4325 magis.
570 4265 688 4326 Signatum
701 4265 763 4310 cuim
771 4261 868 4309 rcrbum
876 4276 912 4311 est
922 4263 985 4326 apud
992 4266 1093 4326 optimos
1105 4268 1179 4331 scrip·

132 4340 196 4379 tores
205 4348 250 4394 pro
260 4332 363 4381 oblatum
374 4335 486 4396 rejicere,
496 4333 579 4382 cedere
591 4336 720 4398 proprium.

171 4431 237 4482 Nor.
254 4432 285 4496 5,
294 4433 319 4484 6.
333 4435 448 4504 Quarum
459 4435 585 4507 imapt'rret
596 4436 716 4488 lurnbunt
725 4436 823 4488 liederoe
830 4454 954 4507 sequaces.
966 4465 1002 4475 --
1011 4437 1065 4490 Sub
1075 4456 1175 4507 mpera-

132 4507 246 4575 toribus,
263 4510 407 4564 litterarum
423 4513 539 4566 studium
552 4515 591 4566 rel
607 4514 756 4566 colentibus
772 4514 812 4566 vel
828 4513 1019 4580 similantibus,
1036 4529 1176 4589 poetarum
