2588 5176
299 415 348 480 tri
371 412 585 480 st'tlttott
608 410 815 476 ruinart.
1037 414 1078 504 ⁵7

49 543 157 614 colligere
168 540 251 606 solet,
265 540 342 611 quasi
351 552 445 591 natare
455 535 585 590 rideatur.
596 557 609 583 s
622 534 822 587 &monem
833 552 885 606 ego
898 536 1013 608 probare
1025 556 1082 591 uon

51 643 156 694 possum,
170 620 307 694 quenffla
315 621 443 672 innitatur
449 619 689 688 manuscriptorum
699 615 786 668 Codd.
795 620 1083 693 auctoritate,prnun·

52 704 90 754 tim
100 722 173 775 qus·
185 720 276 754 sersus
287 699 346 765 ille,
359 717 438 770 quem
447 695 621 768 rejiciendum
630 708 722 748 censet
730 695 836 770 Konip,
849 697 939 767 probe
951 701 984 751 sit
996 700 1084 754 latini·

54 786 102 836 tatis
109 798 132 836 et
139 801 232 836 seusus
241 782 348 833 minime
355 779 479 849 ambigui.
487 777 619 830 Caeterum
627 779 820 849 interpretatio,
831 797 911 851 quam
921 779 1016 854 Koesiq
1026 800 1086 852 pro-
1196 824 1203 834 .

55 867 138 933 posuit,
148 882 245 938 parum
255 862 380 915 convenit
391 877 452 912 cum
461 859 601 911 latinitate.
609 856 794 920 -Detumte,·
806 861 863 911 siue
875 859 972 912 lumbis
984 878 1016 913 ac
1029 861 1085 913 tine

56 944 146 1009 viribus;
157 963 219 996 uam
232 946 259 996 in
271 942 322 995 illis
335 942 454 1013 corporis
463 939 585 1012 partibus
597 940 709 990 maxime
720 938 803 990 robur
815 953 934 1011 apparet.
947 940 1020 992 Solet
1031 939 1085 993 boc

57 1025 142 1076 verbum
152 1026 289 1097 usurpari,
302 1021 441 1095 siquando
454 1035 547 1091 agatur
557 1019 591 1072 de
602 1038 631 1072 re
640 1038 689 1091 per
698 1021 897 1072 affectationem
908 1023 1084 1085 efloemiuata,

58 1103 135 1157 nulius
145 1103 287 1176 ponderis,
298 1101 398 1154 nullius
410 1100 596 1153 meditationis.
609 1101 757 1151 Vitruvius:
775 1099 881 1152 rCurva
893 1102 1039 1154 Lacunaria
1052 1102 1085 1154 ad

58 1181 168 1237 Cirdoum
181 1184 365 1236 delumbata.»
381 1182 465 1234 Cicer.
482 1181 557 1234 Orat.
575 1181 638 1233 sile
653 1182 770 1234 minutos
785 1200 911 1234 numeros
931 1196 1085 1255 sequentes,

10 1266 14 1333 [t
58 1260 212 1317 delumbemus
225 1264 376 1316 sententias.
389 1286 400 1308 ι
417 1262 503 1312 Tacit.
520 1259 624 1329 Dialog.
640 1256 674 1311 da
692 1258 770 1311 Caus.
788 1278 894 1332 corrup.
914 1260 991 1332 Eloq.
1008 1275 1085 1313 vocat

10 1378 12 1385 .
59 1340 191 1394 OEccronem
202 1343 316 1393 fractum
329 1355 354 1393 et
366 1339 505 1392 elumbem.
518 1341 576 1391 lioc
586 1339 668 1390 Persii
678 1337 753 1404 loco,
762 1339 874 1391 verbum
890 1342 1009 1411 apprime
1019 1359 1085 1391 con·

59 1421 113 1470 teuit
124 1439 181 1471 cum
192 1419 239 1471 illa
250 1421 388 1491 superiore
399 1416 570 1488 metaphora,
585 1435 643 1487 qua
655 1417 736 1487 paulo
749 1431 789 1469 est
801 1416 917 1469 liberior.
930 1418 1087 1470 -Summa

60 1495 122 1551 ulios
131 1502 186 1554 Hoc
197 1512 274 1553 notat
285 1502 312 1552 in
325 1500 410 1553 labris
428 1498 501 1551 Nihil
515 1511 554 1551 est
568 1498 642 1571 opud
657 1500 766 1551 Latinos
781 1498 822 1551 his
836 1498 1019 1551 locutionibus
1033 1503 1087 1553 osi·

10 1600 13 1659 q
61 1577 134 1630 uiua:
146 1580 219 1631 uerbo
230 1580 259 1630 in
272 1596 329 1644 ore,
346 1581 374 1631 in
387 1577 464 1631 labris
476 1579 624 1639 mecentio5
641 1578 715 1628 verbo
728 1577 851 1639 humida3
867 1595 925 1649 que
942 1579 1088 1648 significent

10 1662 12 1717 ξ
61 1656 154 1728 ineptam
167 1660 363 1732 garrulitatem,
375 1673 420 1712 aut
435 1661 462 1711 in
475 1657 612 1730 loquendo
626 1660 808 1710 temeritatem.
821 1660 874 1711 llas
888 1658 980 1711 solute
992 1660 1089 1710 oratio·

61 1737 91 1784 nis
101 1736 238 1792 locutiones
250 1741 278 1792 in
289 1756 392 1792 versam
404 1738 569 1790 transtulisse
581 1736 645 1789 mihi
657 1737 762 1790 videtur
776 1740 880 1789 Persius
892 1737 1030 1809 paululum
1044 1754 1089 1789 ex·

63 1832 155 1872 omaus.
166 1822 258 1874 Senec.
272 1822 355 1893 Epist.
369 1822 410 1873 X:
429 1821 511 1872 -Non
528 1839 543 1872 a
560 1820 667 1872 summis
679 1818 759 1872 labris
772 1825 821 1872 ista
837 1834 975 1873 venerunt.
987 1844 998 1866 ι
1012 1821 1045 1871 Η.
1063 1836 1086 1870 e.

63 1891 139 1951 babent
149 1900 188 1953 ba
199 1920 279 1954 voces
293 1900 505 1954 fundamentum.
519 1900 634 1968 Gellius,
646 1900 692 1953 lib.
708 1904 734 1968 l,
747 1919 807 1973 cap.
824 1899 871 1954 15:
888 1902 963 1968 ·Qui
976 1912 1039 1952 sunt
1051 1897 1089 1951 le-

64 1989 107 2041 vet,
116 1994 137 2031 et
146 1980 248 2049 futiles,
260 1995 287 2034 et
301 1984 448 2053 importuni
459 1980 608 2047 locutores,
621 1984 720 2053 quique
732 1981 807 2033 nullo
819 2001 906 2035 rerum
917 1980 1038 2053 pondere
1051 1980 1090 2031 iu-

64 2057 114 2123 ῐῑὶῐί,
132 2063 207 2116 uerbis
228 2061 343 2116 humidis
359 2074 385 2114 et
404 2060 565 2136 &psentibus
581 2062 722 2127 diffluunt,
742 2082 832 2116 eorum
853 2066 1001 2116 orationem
1018 2061 1088 2114 bene

10 2152 12 2189 Ι
65 2137 213 2194 existinatum
229 2144 308 2196 estin
326 2160 369 2194 ore
381 2143 465 2208 nosci,
480 2161 533 2194 non
547 2144 574 2193 in
587 2155 727 2213 pectore·
746 2143 856 2211 Quintil.
871 2142 916 2194 lib.
927 2144 965 2208 X,
981 2159 1040 2211 cap.
1055 2142 1087 2208 4:

67 2215 127 2284 'lpse
140 2219 182 2272 illa
194 2241 225 2274 ex
242 2237 362 2292 tempore
373 2221 481 2274 dicendi
495 2221 608 2275 facultas
621 2224 726 2274 inanem
744 2223 824 2275 modo
841 2223 1029 2293 loquacitatem
1042 2218 1090 2270 da·
1129 2279 1137 2293 ι

65 2291 93 2345 bit
106 2313 127 2350 et
142 2305 214 2356 verbo
233 2305 261 2354 in
280 2302 357 2356 labris
376 2304 527 2355 nascentia:
549 2303 601 2355 illis
616 2304 734 2372 radices,
750 2305 801 2356 illis
818 2303 991 2355 fundamenta
1010 2313 1088 2365 tunt,

65 2372 101 2430 llll!
110 2400 165 2454 opes
171 2385 243 2438 velut
252 2387 381 2437 sanctiore
389 2383 505 2456 quodam
514 2387 614 2436 aerario.
626 2409 637 2434 ιι
649 2417 686 2427 -
694 2386 731 2437 Et
739 2386 764 2435 in
774 2385 826 2437 udo
835 2396 885 2446 est;
897 2385 998 2435 locutio
1005 2401 1090 2453 greca

66 2451 82 2505 lt
92 2457 141 2531 imi
151 2459 215 2517 sisar.
233 2467 280 2517 Est
292 2469 361 2518 euim
374 2465 446 2538 apud
459 2465 566 2517 Graecos
578 2467 749 2538 proverbium
762 2465 795 2518 de
808 2464 980 2537 loquacibus:
994 2463 1017 2516 it
1030 2463 1091 2532 ι’νγμῖ

67 2533 105 2592 ioln
116 2542 127 2594 i
137 2548 242 2611 pariere.
252 2577 289 2588 —
298 2549 399 2600 Moenas
410 2558 437 2598 et
447 2547 538 2612 Aesim
550 2550 693 2619 respiciunt
706 2546 762 2599 hacc
774 2547 853 2600 verba
867 2547 901 2598 ad
912 2564 1003 2598 versus
1015 2545 1048 2612 93
1064 2558 1090 2596 et

69 2632 109 2673 ¹⁰¹·
118 2656 147 2668 -
158 2630 195 2680 Ex
204 2627 246 2679 his
257 2628 380 2680 omnibus
391 2647 484 2680 sensus
493 2641 547 2693 est,
558 2643 587 2679 ut
596 2649 670 2693 reor,
683 2631 875 2700 apertissimus;
887 2647 941 2700 quo
952 2629 1034 2697 magis
1044 2624 1090 2678 ad·

24 2758 27 2765 .
66 2701 164 2760 mirtttttrr
175 2710 333 2781 interpretes
347 2707 380 2759 de
394 2707 446 2760 hoc
458 2707 519 2762 loco
533 2721 635 2761 tautum
647 2709 783 2781 disputare
794 2723 820 2761 et
832 2709 973 2779 ambigere.

89 2816 143 2875 llos.
164 2824 224 2878 106.
238 2826 295 2878 Nee
309 2824 430 2897 pluteum
446 2826 535 2891 eredit,
553 2845 602 2879 nec
616 2827 743 2881 &morsos
759 2829 827 2900 sopit
844 2845 951 2899 torques.
964 2855 999 2865 -
1011 2825 1089 2890 lure,

66 2905 165 2964 usuam
176 2923 269 2957 versus
281 2919 379 2959 temere
392 2908 519 2959 effutiunt
528 2909 655 2959 incuriosi
664 2922 759 2979 poetae.
770 2938 803 2949 -
814 2907 923 2960 Pluteos
931 2920 987 2959 erat
999 2902 1089 2957 tabula

25 3010 28 3017 ·
65 2989 130 3033 steen
141 2982 174 3034 ad
187 3002 272 3036 unum
284 2983 353 3038 latus
368 2985 430 3038 lecti
446 2986 620 3047 cubicularis;
638 3005 699 3037 nam
717 2986 879 3038 adulterum
896 2983 1001 3057 sponda
1016 2982 1089 3035 nuda

64 3068 110 3110 trat.
122 3063 227 3115 Gonsal.
242 3062 345 3116 Gomm.
361 3064 397 3117 ad
413 3068 518 3119 Petron.
536 3066 598 3128 115;
615 3065 729 3118 Martial.
743 3067 790 3131 lll,
808 3083 850 3136 91.
864 3094 898 3104 -
913 3063 1013 3118 eodm
1026 3081 1089 3134 pro·

63 3139 105 3203 Ptlt
112 3141 161 3196 dici
171 3157 262 3215 potest
273 3144 307 3197 de
318 3149 419 3218 poetis,
432 3166 545 3218 quorum
557 3147 693 3199 meditatio
705 3165 798 3219 parum
810 3146 945 3219 procedit,
957 3158 983 3197 et
996 3146 1040 3217 qui
1052 3143 1089 3195 ob

63 3230 104 3271 ‘tm
116 3241 222 3277 cauum
240 3225 384 3279 effundunt
398 3246 504 3280 omnem
517 3230 583 3279 iram
600 3229 626 3279 in
643 3227 779 3298 pluteum;
795 3225 823 3278 lr.
843 3226 860 3278 l.
882 3224 1036 3278 translatum
1054 3221 1089 3275 ad

62 3308 152 3369 lma,
169 3307 196 3357 in
215 3324 270 3377 quo
287 3306 448 3360 elaborando
462 3307 528 3359 nibil
545 3306 702 3373 desudatum
716 3320 764 3359 est.
780 3337 816 3348 —
831 3306 967 3359 Demorsos
981 3320 1087 3377 unques.

63 3371 174 3449 Unguium
184 3388 305 3439 corrosio
317 3386 423 3439 solliciti
435 3389 516 3438 animi
534 3400 588 3451 est,
603 3399 632 3438 et
646 3404 724 3458 quem
739 3386 779 3438 sui
794 3386 876 3458 ipsius
892 3384 1012 3456 poenitet.
1027 3384 1088 3434 Haec

63 3467 187 3534 tsntquasi
198 3464 326 3519 dixisset:
345 3485 395 3519 nec
406 3466 520 3518 multum
536 3469 606 3537 sapit
620 3465 756 3532 laborem,
768 3483 818 3516 nec
831 3464 958 3518 studium.
975 3461 1085 3530 Quintil.

63 3526 96 3588 hl)-
105 3541 139 3610 X,
150 3562 174 3596 c.
187 3545 220 3610 3,
233 3547 297 3597 citat
311 3543 382 3599 huuc
394 3546 475 3597 Persii
487 3544 594 3597 locum:
610 3568 622 3592 ι
631 3545 699 3596 'lum
711 3543 755 3595 illa
769 3561 826 3615 qua
838 3545 996 3615 apertiorem
1008 3539 1088 3591 animi

63 3626 142 3675 mosim
152 3639 309 3695 sequuntur,
326 3643 383 3697 quae
394 3628 453 3697 ipsa
466 3627 582 3677 animum
595 3623 791 3696 quodammodo
808 3625 958 3685 concitant,
974 3635 1088 3689 quorum

63 3701 1088 3776 estjacraremanum‚torquer0vultumsimut,erinterimobjurgare‚quaeque

63 3766 144 3832 pettius
153 3797 245 3850 notat,
259 3802 342 3855 quum
356 3783 448 3836 leviter
460 3782 565 3836 dicendi
578 3802 662 3854 genus
674 3784 820 3853 significat:
839 3801 885 3835 nec
896 3778 1032 3852 pluteum,
1045 3776 1087 3825 in·

65 3855 118 3924 quit,
131 3862 217 3928 rodit,
234 3882 281 3914 nec
292 3865 420 3916 demorsos
431 3863 498 3934 sopit
510 3882 623 3936 unques.-
639 3865 717 3915 etiam
729 3862 839 3915 ridicula
850 3873 926 3925 suut,
942 3858 993 3909 nisi
1005 3872 1087 3926 quum

66 3931 101 3984 ³⁰¹1
109 3957 222 3996 tumus·
237 3943 317 3996 Coos.
330 3947 422 3996 Horat.
435 3943 489 3996 Sat.
501 3944 548 3996 lib.
560 3946 585 4010 l,
597 3944 635 4008 X,
648 3961 697 4013 70:

457 4068 474 4077 ..
482 4044 514 4078 .et
521 4033 544 4077 iu
552 4048 614 4079 versu
622 4034 721 4079 iaciendo

242 4101 301 4156 snpe
308 4109 375 4157 caput
382 4101 485 4154 nuberet,
494 4100 552 4143 visos
558 4109 580 4144 et
588 4101 673 4144 roderet
680 4112 769 4157 ungues.
