2588 5176
623 945 889 1014 PROLOGUS.

373 1072 675 1168 Heliconiadasque
687 1073 915 1170 pallidumque
927 1078 1072 1146 Pirenen

276 1250 279 1255 .
373 1183 445 1253 Illis
457 1186 606 1269 remitto,
620 1209 766 1279 quorum
777 1188 940 1279 imagines
953 1186 1108 1256 lambunt
1267 1207 1284 1258 s

372 1294 514 1363 Hederae
526 1318 696 1389 sequaces.
710 1299 787 1388 Ipse
799 1298 1036 1390 semipaganus

372 1405 423 1475 ad
436 1429 530 1474 sacra
541 1423 657 1473 vatum
670 1431 806 1475 carmen
818 1408 925 1476 affero
937 1427 1101 1477 nostrum.

370 1518 452 1603 Quis
465 1514 634 1608 expedivit
644 1519 788 1609 psittaco
800 1542 901 1585 suum
916 1530 1034 1602 xiiis,

371 1631 532 1724 Picusque
544 1627 660 1697 docuit
671 1630 774 1698 verba
784 1648 901 1699 nostra
912 1635 1047 1699 conari?

368 1741 529 1831 Magister
540 1742 621 1807 artis
633 1741 814 1836 ingcnlque
826 1739 964 1834 largitor
1248 1775 1276 1809 ιο

368 1853 512 1932 Venter,
525 1866 663 1942 negatas
676 1850 795 1919 artifex
806 1853 903 1945 sequi
914 1875 1025 1919 voces.

367 1960 466 2047 Quod
478 1962 507 2027 si
518 1959 627 2029 dolosi
640 1985 717 2053 spes
729 1960 901 2030 refulserit
911 1965 1059 2044 nummi,

367 2076 493 2140 Corvos
506 2090 622 2166 poetas
634 2090 667 2140 et
679 2076 824 2166 poetrias
837 2077 928 2167 picas

366 2183 509 2249 Cantare
521 2180 639 2248 credas
652 2185 848 2272 Pegaseium
859 2181 975 2251 melos.

226 2378 365 2439 favorem
381 2387 412 2437 et
428 2376 527 2437 undas
544 2376 668 2459 pallidae
684 2376 823 2460 nimphae
839 2379 963 2440 Pirenes
979 2399 1045 2440 non
1062 2400 1119 2461 ego
1134 2380 1213 2442 mihi
1229 2405 1274 2445 as·

226 2472 391 2547 sumo‚sed
399 2472 459 2532 illis
466 2472 609 2555 relinquo
618 2475 893 2555 vatibus,quorum
901 2489 1007 2537 statuae
1015 2475 1150 2536 frontem
1158 2477 1274 2540 habent

225 2569 339 2631 hedera
355 2591 451 2652 usque
468 2583 497 2630 et
512 2591 609 2651 usque
624 2584 763 2653 serpente
780 2572 959 2632 revinctam.
978 2573 1083 2632 Homo
1101 2593 1169 2632 sura
1186 2594 1273 2656 paene

224 2668 372 2739 rusticus3
393 2687 451 2747 ego
473 2686 598 2748 quoque
618 2679 722 2728 tamen
742 2688 867 2728 carmen
886 2667 968 2729 addo
987 2689 1090 2728 meum
1112 2672 1204 2731 sacris
1223 2693 1275 2733 va·

226 2778 294 2825 tum
312 2764 511 2825 carminibus.
535 2766 614 2826 Sunt
626 2768 704 2825 caim
718 2763 786 2826 atiae
800 2787 857 2842 res,
878 2778 982 2849 praeter
994 2781 1168 2828 memoratos
1177 2814 1187 2843 ,
1208 2793 1274 2853 quae

225 2876 336 2923 acaum
354 2865 513 2945 isuqeniam.
533 2861 610 2939 Quis
625 2884 736 2947 nempe
749 2865 904 2948 expedivit
919 2864 1048 2948 psittaco
1062 2864 1222 2947 linguam,
1239 2882 1274 2929 ut

223 2962 441 3043 pronuntiaret
456 2983 563 3022 vocem
582 2960 662 3023 hanc
681 2964 741 3023 sibi
757 2965 844 3044 quasi
868 2965 1042 3047 propriam,
1064 2963 1179 3025 satvr?
1196 2965 1273 3043 Quis

224 3057 332 3119 docuit
344 3061 429 3141 picas
442 3072 560 3121 tentare
573 3060 667 3139 verba
679 3058 867 3121 hominum?
883 3060 994 3136 fames,
1011 3081 1080 3142 quae
1094 3062 1214 3144 optima
1228 3077 1273 3125 est

223 3157 298 3216 artis
306 3157 466 3237 magistra,
474 3177 542 3238 quae
551 3144 681 3238 largitur
688 3157 865 3238 ingenitum,
872 3155 1022 3239 docetque
1028 3179 1117 3219 voces
1127 3160 1242 3221 imitari
1253 3183 1271 3221 a

223 3266 334 3314 natura
351 3267 485 3334 negatas.
500 3252 593 3331 Quod
606 3254 631 3313 si
643 3274 711 3335 spes
723 3252 800 3312 lucri
814 3250 978 3335 affulgeat,
992 3254 1161 3337 fucumque
1177 3257 1272 3318 faciat

222 3349 334 3427 oculis,
353 3349 495 3412 homines
509 3350 557 3411 vel
571 3352 704 3412 maxime
718 3352 871 3433 imperiti,
892 3354 992 3413 corvis
1003 3367 1033 3414 et
1046 3356 1122 3437 picis
1136 3356 1270 3434 similes,

221 3446 418 3531 fientpoetoe3
429 3462 459 3510 et
469 3451 645 3525 itscanent,
655 3462 690 3509 ut
700 3449 1269 3529 audirecredasmelossuavissimum,

221 3543 313 3627 quale
327 3545 426 3607 oritur
437 3567 473 3606 ex
484 3546 691 3628 Hippocrene.
