2588 5176
208 350 250 391 20
522 331 557 388 A.
586 327 739 389 l’lillSll
768 329 933 391 thatun

206 458 290 520 Sunt
301 475 386 547 quos
399 453 631 544 Pacuviusque
643 466 676 517 et
687 475 866 520 verrucosa
878 472 1028 521 moretur

207 567 366 654 Antiopa,
381 594 395 623 a
407 562 568 629 aerumnis
580 582 638 625 cor
650 558 863 628 luctificabile
876 562 970 630 fulta.
985 596 997 623 ι,

252 678 321 743 Hos
332 674 447 766 pueris
459 672 607 737 monitus
619 687 732 763 patres
745 670 924 740 infundere
935 672 1045 767 lippos

204 790 318 871 Quum
330 783 459 861 videas,
473 783 641 875 quaerisne
653 780 744 849 unde
756 781 828 849 haec
841 800 974 875 sartago
985 785 1147 880 loquendi
1229 813 1250 849 ι.
1271 827 1294 838 Δ

205 896 344 963 Venerit
354 896 389 959 in
402 891 550 983 linguas3
563 892 654 958 unde
666 892 756 960 istud
769 891 931 977 dedecus,
944 897 1061 990 inquo

204 1004 388 1073 Trossulus
400 1002 545 1070 exsultat
556 1002 616 1069 tibi
628 1026 689 1093 per
701 1002 860 1070 subsellia
872 1004 986 1071 laevis?

206 1116 304 1185 Nilne
315 1113 436 1208 pudet,
450 1115 550 1205 capiti
562 1137 631 1180 non
645 1136 744 1205 posse
756 1114 906 1205 pericuh
919 1139 1003 1182 cano

205 1226 348 1309 Pedere,
361 1227 442 1321 quin
456 1223 607 1317 tepidum
620 1225 684 1291 hoc
697 1241 791 1316 optes
803 1225 920 1293 audire
933 1234 1120 1295 necsursn?

206 1344 274 1407 Fur
286 1340 397 1421 es,ait
409 1337 521 1404 Pedio.
538 1335 657 1417 Pedius
670 1335 925 1431 quidicrimina
938 1343 1021 1406 rasis
1225 1356 1285 1411 85

205 1450 320 1519 Librat
331 1452 366 1517 in
378 1448 552 1515 antithetis
565 1445 704 1514 :doctas
718 1451 872 1539 posuisse
885 1449 1008 1541 figuras

206 1561 379 1631 Laudatur
392 1586 399 1625 :
414 1557 542 1627 bellum
555 1556 628 1625 hoc.
643 1563 714 1625 Hoc
727 1557 869 1626 bellum!
883 1586 926 1626 an
939 1561 1082 1629 Romule
1095 1569 1217 1634 ceves?

205 1671 295 1743 Men'
308 1687 440 1739 moveat
452 1673 593 1765 quippe,
607 1688 655 1751 et,
669 1687 780 1737 cantet
793 1673 820 1737 si
835 1671 1036 1764 naufragus,
1050 1699 1163 1743 assem

206 1784 428 1852 Protulerimi'
440 1788 575 1861 Cantas,
587 1806 693 1877 quum
707 1781 812 1849 fracta
824 1799 857 1850 te
870 1785 904 1849 in
916 1784 1011 1853 trabe
1021 1788 1153 1879 pictum

207 1900 254 1962 Ex
266 1893 408 1959 humero
420 1906 545 1983 portes.
558 1893 777 1973 Verum,nec
790 1908 887 1959 nocte
899 1911 1056 1987 paratum
1223 1932 1261 1983 9⁰

207 2120 332 2179 vetustis
358 2117 483 2177 Pacuvii
508 2117 653 2199 operibus
678 2117 804 2200 ejusque
829 2118 959 2201 Antiopa
981 2122 1167 2203 (tragoedia)
1190 2145 1256 2184 ver·

206 2221 287 2279 rucis
309 2215 458 2291 deformi,
477 2230 523 2291 et,
543 2230 577 2275 ut
595 2217 638 2275 ait
656 2232 780 2292 auctor,
802 2221 970 2279 ‹raerumnis
986 2242 1040 2280 cor
1059 2221 1256 2283 luctificabile

210 2317 323 2378 fulla.»

248 2437 296 2498 79.
309 2416 386 2491 Quae
394 2411 503 2495 judicii
513 2413 721 2473 aberrationes
730 2414 783 2473 ubi
794 2412 889 2488 fiunt,
900 2429 929 2474 et
937 2437 1035 2497 quum
1045 2429 1161 2499 patres,
1171 2422 1255 2480 senio

206 2528 237 2573 et
252 2512 381 2572 stultitia
400 2512 493 2583 eoeci,
512 2531 583 2569 suos
598 2525 727 2569 mouent
741 2532 852 2592 pueros
867 2513 952 2571 istius
967 2513 1053 2574 modi
1070 2516 1185 2598 scripta
1196 2538 1256 2577 esse

208 2608 373 2682 imitanda,
395 2628 460 2666 nou
477 2620 520 2665 est
537 2608 753 2687 quaerendum,
767 2609 849 2667 unde
861 2610 1035 2692 corruptela
1050 2611 1193 2695 linguam
1211 2618 1256 2676 in·

209 2708 331 2780 fecerit,
353 2704 435 2764 unde
455 2705 581 2765 invectae
597 2704 714 2765 fuerint
732 2706 884 2786 pudenda¹
905 2709 1047 2790 ineptiae,
1070 2713 1184 2791 quibus
1205 2714 1256 2775 de·

207 2803 324 2865 licatuli
343 2804 441 2861 nostri
460 2800 665 2862 adolescentes
682 2805 715 2862 iu
733 2803 803 2864 foro
816 2819 845 2864 et
853 2802 978 2885 judiciis
989 2821 1148 2889 tantopere
1160 2812 1258 2871 exsul·

207 2919 275 2965 tant
295 2918 324 2963 et
345 2900 527 2962 efferuntur.
551 2901 684 2962 Nullone
704 2903 823 2986 pudore
845 2904 992 2981 afficeris,
1017 2908 1100 2988 quod
1123 2931 1257 2992 nequeas

209 3000 380 3085 periculum
394 3022 411 3059 a
423 2999 522 3081 capite
534 3020 612 3059 cano
625 3015 773 3076 avertere,
786 3003 861 3081 quin
875 3002 995 3063 efficere
1006 3007 1141 3080 coneris,
1157 3022 1193 3067 ut
1204 3008 1257 3067 fri·

209 3099 281 3181 gida
294 3098 350 3156 ista
363 3095 541 3155 laudatione
552 3097 652 3155 oratio
669 3110 722 3155 tua
734 3098 902 3179 excipiatur
917 3121 924 3157 t
942 3098 1019 3158 dixit
1036 3100 1174 3162 decenter.
1195 3107 1259 3165 Far

209 3218 257 3272 es,
275 3198 318 3255 ait
334 3207 491 3254 aecusator
508 3193 612 3253 Pedio.
630 3193 713 3271 Quid
730 3194 769 3253 ad
789 3193 868 3255 hauc
885 3212 1019 3257 atrocem
1036 3196 1184 3279 injuriam
1204 3204 1259 3262 Pe·

211 3291 299 3353 dius?
309 3294 433 3352 Crimen
446 3287 600 3370 objectum
612 3305 710 3350 versat
723 3292 756 3349 in
768 3293 924 3352 sententiis
937 3294 975 3352 ad
988 3294 1165 3355 antithesim
1177 3319 1259 3359 com·

211 3394 338 3478 positis,
356 3389 560 3470 laudaturque
579 3390 664 3471 quod
685 3388 799 3471 figuras
821 3412 936 3473 ponere
955 3397 1076 3453 noverit
1097 3398 1259 3458 oratorias.

211 3494 281 3554 lloc
292 3486 471 3572 pulchrum,
485 3488 642 3567 inquiunt.
656 3486 739 3546 Proh
752 3486 845 3548 iidem
858 3488 1037 3551 hominum!
1050 3490 1109 3551 hoc
1121 3513 1176 3553 vos
1188 3494 1259 3576 pul·

211 3588 321 3651 chrum
336 3584 496 3667 judicatis!
514 3605 533 3643 o
550 3584 674 3645 Romuli
690 3600 831 3668 nepotes,
846 3610 922 3648 num
937 3610 992 3647 vos
1002 3591 1130 3650 canibus
1144 3592 1259 3654 similes

211 3689 283 3750 lacti
302 3686 385 3760 estis,
401 3684 454 3764 qui
471 3703 575 3763 segnes
590 3683 687 3743 cauda
703 3686 828 3745 remissa
842 3686 1065 3747 blandiuntur?
1082 3689 1202 3751 Scilicet
1218 3714 1258 3754 an

213 3786 381 3865 naufragus
394 3802 442 3841 me
452 3800 575 3841 movere
587 3782 698 3863 possit,
709 3783 763 3864 qui
773 3783 891 3844 cantet?
903 3786 949 3843 An
961 3783 1076 3845 efficiat
1086 3785 1163 3849 letis
1173 3791 1258 3850 voci·

212 3885 283 3959 hus,
297 3896 331 3943 ut
345 3882 485 3942 misertus
497 3900 592 3939 assem
609 3882 635 3941 ei
653 3879 787 3963 largiar?
799 3883 938 3943 Minime.
959 3886 1075 3960 Porro,
1087 3900 1122 3945 tu
1136 3904 1258 3963 cantas,

212 3982 288 4046 dum
306 3980 450 4065 experiris
468 3976 683 4061 naufragium,
696 3979 912 4063 naufragiique
924 3981 1077 4065 depictam
1088 3984 1259 4068 imaginem
