2588 5176
146 777 189 857 44
319 775 475 839 vttttffi
498 772 770 838 LECTIONES
794 775 856 839 ET
879 774 1018 844 NOTAE

142 920 252 955 sunnam
263 899 315 954 dici
327 920 357 954 os
370 901 510 953 distortum
523 918 583 951 eum
597 900 685 966 vultu,
702 901 776 972 quod
790 903 931 968 faciamus,
946 923 1029 976 quum
1044 907 1108 961 alios

144 982 265 1041 deamus;
280 981 341 1033 iude
350 982 488 1034 sanniones
501 979 586 1031 dictos
595 998 666 1045 esse,
676 983 721 1053 qui
730 1001 786 1033 non
796 994 897 1034 rectum
906 984 1008 1037 vultum
1019 986 1108 1040 habea

146 1062 291 1127 Occurrite,
304 1080 338 1113 ne
354 1061 399 1112 fiat
412 1059 446 1112 de
459 1058 535 1112 vobis
549 1073 647 1112 cavete.
664 1090 701 1102 —
714 1062 835 1128 Posticoe,
853 1081 912 1134 quae
929 1065 959 1114 lit
972 1077 1032 1135 post
1044 1080 1070 1118 et
1084 1084 1100 1117 a

143 1141 257 1194 bominis
269 1142 345 1193 irrisi.

177 1250 244 1301 Nor.
263 1249 315 1313 63,
329 1246 373 1312 64.
396 1245 459 1317 Quis
473 1244 568 1317 populi
582 1263 664 1297 senno
679 1247 733 1298 est?
748 1245 805 1317 quis
818 1245 903 1311 enim,
919 1246 970 1298 nisi
985 1250 1104 1301 carmina

142 1328 331 1381 Nuncdemum
341 1327 583 1404 uumerofluere.—
590 1327 648 1377 lam
656 1325 752 1377 desiuit
763 1325 942 1395 parenthesis,
952 1327 1074 1400 reditque
1081 1330 1108 1381 ad

142 1426 198 1460 rem
210 1408 442 1478 interrogationem
455 1424 547 1459 sensus
561 1428 566 1455 :
581 1423 668 1457 uerum
680 1404 748 1456 milti
757 1405 834 1456 dicite
844 1405 877 1455 de
887 1423 940 1471 me,
953 1405 1034 1459 dicite
1046 1408 1108 1461 mihi

142 1487 200 1560 quis
210 1485 305 1559 populi
319 1505 400 1539 sermo
412 1488 464 1540 est?
477 1488 518 1539 Sic
532 1488 694 1555 interrogant
709 1484 874 1536 adulatorem
885 1505 1010 1558 proceres
1021 1488 1055 1540 de
1067 1492 1108 1542 sui

143 1566 265 1618 minibus.
276 1597 312 1607 -
322 1567 384 1637 Quis
394 1567 479 1633 enim,
490 1566 524 1622 rie
533 1585 580 1635 γαρ
592 1585 682 1636 grece.
694 1566 736 1618 Sic
749 1565 892 1637 respondet
902 1566 1033 1619 adulator.
1047 1569 1108 1638 Quis

143 1646 205 1712 nisi,
216 1665 270 1697 non
280 1646 346 1699 alius
356 1666 413 1699 esse
423 1647 510 1717 potuit
518 1645 613 1718 populi
625 1662 711 1697 sermo
722 1663 801 1714 quarn
814 1657 884 1696 etc...
895 1675 930 1684 -
943 1646 1022 1697 Nune
1031 1646 1108 1698 clemu

141 1725 182 1778 his
197 1739 299 1778 tantum
313 1725 487 1793 carminibus,
503 1744 584 1796 quum
596 1743 673 1776 nemo
687 1737 747 1776 ante
760 1736 813 1774 tam
824 1723 931 1774 mollem
945 1743 1071 1776 versuum
1083 1745 1108 1778 er

142 1807 250 1858 nitatem
263 1819 399 1859 assecutus
412 1808 452 1858 sit.
465 1837 501 1847 -
513 1802 593 1858 Molli
604 1822 727 1870 numero,
739 1802 765 1854 id
775 1816 829 1869 est,
838 1802 958 1855 versibus
968 1806 994 1856 in
1007 1805 1106 1876 quibus

139 1888 262 1956 junctura
271 1886 396 1939 effectum
406 1897 459 1952 est,
471 1884 578 1937 utnulla
588 1901 700 1954 usquam
709 1884 837 1954 asperitas
847 1898 988 1954 appetem
1000 1886 1043 1935 cui
1053 1887 1091 1937 rei
1102 1906 1108 1936 ι

142 1965 242 2019 rnendae
254 1981 346 2040 aptum
360 1980 398 2020 est
405 1967 501 2044 fluere.

176 2072 244 2124 Nor.
264 2073 313 2140 64,
327 2072 369 2127 65.
393 2073 428 2126 Ut
441 2069 562 2145 perleve
577 2088 674 2124 seueros
686 2068 953 2141 Effundatjuucture
963 2088 1075 2141 unques.
1084 2101 1108 2111 -

141 2149 253 2223 taphora
267 2153 300 2204 ab
313 2154 439 2225 operibus
455 2153 607 2204 marmoreis
622 2150 759 2221 ligneisve,
775 2151 802 2199 iu
816 2148 910 2221 quibus
919 2163 1009 2220 partes
1020 2152 1055 2201 ita
1070 2169 1108 2202 cot

141 2242 233 2282 tuntur
242 2245 267 2283 ct
279 2232 428 2299 coherent,
440 2245 470 2283 ut
482 2231 554 2283 nulla
565 2231 649 2302 possit
659 2228 792 2299 unguibus
804 2227 967 2299 deprehendi
979 2231 1044 2281 rima
1058 2230 1102 2282 sel

141 2311 213 2362 ritas.
225 2341 262 2351 —
272 2314 362 2365 Horat.
375 2311 427 2363 Sat.
441 2313 480 2378 ll,
493 2329 519 2382 7,
528 2311 577 2363 862

471 2401 572 2442 ...Totus
580 2406 634 2441 teres
641 2407 707 2453 etque
715 2397 833 2450 rotundus⁸

342 2468 427 2511 murat
434 2466 521 2522 nequid
530 2466 599 2509 valeat
604 2480 646 2523 per
654 2467 707 2510 leve
715 2466 804 2509 morari.

175 2557 242 2610 Nor.
261 2559 305 2612 65.
321 2561 375 2613 Scit
386 2562 487 2614 undere
502 2580 609 2613 uersum.
622 2563 691 2613 -A
704 2561 902 2613 constructione
915 2560 1023 2632 obliqua
1035 2574 1108 2615 trans

140 2634 196 2689 bito
206 2637 239 2689 ud
252 2653 364 2702 rectam,
374 2655 403 2693 ιιι
412 2643 468 2713 ipsa
480 2641 574 2714 populi
583 2641 663 2693 verba
674 2643 729 2693 sinc
740 2641 793 2693 ulla
802 2642 948 2692 mutatione
956 2642 1064 2697 referat.
1073 2673 1108 2684 -

139 2715 197 2768 dere
207 2737 320 2787 vertum,
333 2719 429 2772 dicitnr
439 2740 523 2792 grace
535 2716 621 2773 ilion.

174 2833 242 2885 Nor.
261 2835 303 2887 66.
320 2836 381 2887 Non
400 2856 481 2903 secto,
496 2855 528 2890 ee
544 2837 566 2890 si
582 2835 658 2890 oculo
676 2835 807 2887 rubricam
823 2834 920 2908 diriqat
936 2853 998 2886 uno.
1012 2865 1049 2875 -
1066 2834 1108 2887 Al

138 2909 252 2980 lignariis
267 2915 435 2981 translatum,
444 2919 489 2987 qui
499 2917 532 2969 ad
543 2917 667 2968 amussim
678 2914 759 2967 rubro
769 2914 809 2967 vel
820 2913 873 2965 alio
886 2913 1006 2986 quolibet
1016 2914 1108 2968 colore

140 3002 194 3041 turn
207 3011 275 3062 opus
286 2996 399 3064 exigunt.
410 2999 488 3047 Hom.
501 2995 595 3067 Odyss.
609 2992 627 3045 ι’.
640 2994 699 3062 245.

355 3080 427 3126 Eleos
439 3080 462 3127 δ’
470 3079 612 3144 ἱπιςιιμίιιις
623 3080 664 3126 nai
678 3077 716 3128 iai
726 3076 831 3140 πᾶθμιι
843 3079 910 3127 ileu.

138 3185 174 3194 -
182 3157 293 3210 liudrico
305 3171 376 3211 terre
387 3160 467 3212 rubra
477 3174 530 3228 est,
539 3174 644 3233 reperta
654 3163 769 3233 primum
781 3159 816 3211 ad
827 3160 918 3212 urbem
931 3160 1056 3232 Sinopam
1068 3161 1103 3213 ad

138 3236 231 3287 Euxini
247 3240 273 3289 in
291 3238 484 3312 Paphlagonia,
496 3240 729 3303 underoeabatnr
745 3242 822 3292 etiam
838 3241 946 3311 sinopis.
962 3240 1027 3292 Plio.
1042 3244 1077 3293 11.
1090 3243 1108 3294 ll

138 3315 246 3382 XXXV,
261 3336 283 3368 c.
299 3318 324 3370 6.
343 3350 379 3360 -
400 3324 482 3374 «tice
494 3321 564 3374 utilis
576 3320 752 3373 adnotandas
764 3320 846 3372 lineas
859 3319 1023 3385 architectis,
1036 3336 1108 3372 ete...

140 3396 223 3448 Oculo
233 3416 299 3464 uuo,
307 3399 406 3454 scilicet
416 3401 506 3454 clauso
517 3401 615 3468 altero,
626 3419 679 3472 quo
690 3403 787 3452 rectius
800 3403 869 3452 acies
880 3400 955 3470 dirigi
968 3403 1060 3470 possit.
1071 3402 1108 3452 Lu

137 3478 328 3551 lcuromenipp.
341 3494 404 3532 tom.
418 3484 453 3547 11,
468 3502 495 3554 p.
509 3483 569 3552 769.
586 3481 634 3534 Ed.
649 3483 716 3533 Reiz.
733 3479 817 3530 u'Eml
832 3477 871 3529 eui
884 3477 938 3535 roric
951 3479 1058 3536 νιιίνιιιιις
1070 3498 1108 3532 ποι

137 3555 259 3626 inpariter
265 3578 305 3623 μοι
316 3561 374 3612 lieri
384 3558 479 3630 deripe
488 3561 533 3615 coir
543 3560 669 3627 ὀφθιιμὸι
680 3559 768 3625 ἰμιιιιι
779 3557 895 3628 spirantis
905 3558 999 3615 satirae
1011 3559 1108 3614 erratu

137 3635 171 3689 “-
178 3636 249 3704 ξύλα.
259 3663 270 3686 ιι

172 3754 239 3805 Νοτ.
258 3754 301 3826 67.
314 3756 372 3809 Siue
382 3776 445 3829 opus
459 3758 487 3810 in
500 3775 594 3822 mores,
609 3759 635 3809 in
648 3756 752 3820 luxum,
768 3757 796 3808 iu
810 3755 922 3827 prandia
935 3774 1023 3827 rrqum
1036 3753 1108 3808 Dicet

139 3833 211 3904 Opus
222 3834 304 3886 dicere
314 3856 364 3908 pro
375 3837 515 3891 dicendum
526 3840 550 3890 ei
562 3851 615 3903 est,
625 3836 792 3889 scribendum
803 3849 850 3888 est.
861 3836 1108 3907 —Dereliquorun

136 3931 180 3965 sus
193 3913 331 3967 verborum
345 3935 437 3985 sensu,
449 3935 543 3988 magna
555 3919 690 3969 contentio
701 3931 740 3968 est
750 3919 818 3968 inter
830 3918 993 3986 interpretes.
1010 3914 1108 3968 Censor

135 3992 191 4045 haee
202 3996 290 4045 omnia
299 3996 327 4046 in
339 4013 435 4061 mores,
451 3998 477 4048 ιἰι
491 3998 599 4064 lusum,
616 3997 643 4048 in
653 3996 766 4068 prandio
778 4014 866 4068 repum
878 3995 1013 4064 designare
1025 4014 1108 4066 argun

135 4075 358 4145 ineptissimorum
368 4089 505 4146 poetarum
516 4080 573 4148 ejus
582 4078 679 4143 aetatis,
691 4075 786 4147 quibus
796 4094 854 4127 mos
863 4089 920 4127 erat
929 4074 1079 4127 describere
1091 4096 1108 4128 o

135 4154 241 4206 luxurie
253 4157 441 4220 instrumenta,
454 4157 512 4208 vitre
526 4157 683 4227 elegantias,
698 4156 843 4227 epulasque
855 4173 996 4227 procerum
1009 4155 1108 4208 lautissi

135 4234 185 4286 Alii
198 4254 274 4302 raro,
287 4235 383 4308 quibus
395 4253 445 4304 ego
459 4234 584 4289 libentius
596 4239 752 4300 assentiam,
765 4249 857 4306 putant
873 4254 921 4306 per
935 4254 1016 4288 mores
1027 4236 1069 4288 vel
1082 4256 1108 4288 cr

135 4311 204 4366 diam
215 4314 256 4366 rel
268 4315 398 4384 ejusmodi
410 4333 490 4385 opera
502 4315 646 4386 designari,
657 4334 704 4389 per
717 4315 808 4367 luxum
819 4315 859 4367 rel
872 4318 978 4367 satiram
992 4316 1033 4368 vel
1044 4319 1109 4368 satir

136 4393 212 4462 qnid,
222 4415 270 4466 per
274 4395 386 4468 prandia
395 4414 482 4470 requm
492 4395 628 4466 tragoedias
638 4399 663 4447 in
671 4397 767 4467 quibus
776 4395 905 4447 interdurn
912 4433 920 4460 ,
928 4411 955 4447 ut
965 4399 992 4448 in
999 4399 1108 4463 atreo„

136 4473 248 4537 Procne,
257 4488 400 4526 vescuntur
411 4492 484 4543 reges·
494 4475 632 4527 hominum
642 4475 775 4528 carnibus.
789 4479 963 4528 l'nsterioretn
972 4476 1042 4528 hanc
1052 4480 1108 4530 inte
