2588 5176
368 447 537 511 saTtnA
563 450 726 512 PRllllA.

71 563 196 656 Plorabit,
209 576 265 667 qui
278 596 333 639 me
345 571 435 639 volet
447 575 642 641 incurvasse
654 576 801 669 querela.

102 714 135 726 -
145 682 197 748 Sed
209 684 358 749 numeris
371 682 472 749 decor
484 700 535 749 est
547 681 749 774 etjunctura
759 686 873 754 addita
885 692 1007 760 crudis.

70 789 250 860 -Claudere
263 795 311 861 sic
323 816 458 859 versum
470 792 601 860 didicit:
617 825 631 853 a
643 797 881 883 berecynthius
894 802 1003 871 Attin.

73 903 121 965 aEt
128 907 173 995 qui
184 903 370 971 Caeruleum
382 903 560 971 dirimebat
572 910 679 972 Nerea
692 906 855 999 llelphin3

73 1012 252 1082 =Siccosu1n
264 1012 367 1105 longo
379 1011 601 1080 subduximus
614 1019 802 1106 Apennino.
820 1050 833 1075 υ
1044 1039 1079 1103 95

69 1124 136 1189 Anus
144 1148 253 1207 rtnuu,
266 1148 380 1192 nonne
392 1123 456 1191 hoc
467 1149 669 1217 spumosum
680 1144 714 1193 et
725 1132 848 1197 cortice
858 1133 997 1223 pingui?

70 1231 101 1294 Ut
108 1234 213 1302 mmale
224 1252 320 1303 vetus
332 1232 522 1326 praegrandi
535 1235 655 1303 subere
668 1254 813 1305 coctum.

67 1344 197 1425 Quidnam
210 1351 311 1440 igitur
323 1364 492 1427 tenerum,
505 1364 538 1415 et
550 1347 625 1415 laxa
637 1353 766 1417 cerrice
777 1352 978 1445 legendum?

71 1457 174 1525 ulorva
184 1459 408 1527 Mimalloneis
421 1458 606 1551 implerunt
618 1485 745 1527 cornua
757 1463 907 1548 bombis,

70 1567 248 1662 «Etraptum
261 1569 367 1637 vitulo
377 1586 479 1662 caput
489 1568 643 1637 ablatura
655 1572 801 1663 superbo
1030 1609 1078 1643 roo

70 1679 221 1762 amsans,
236 1700 270 1750 et
282 1681 417 1775 lyncem
430 1687 558 1748 Mamas
571 1680 701 1750 flexura
713 1686 901 1776 corymbis,

69 1791 168 1858 divion
179 1795 379 1885 ingeminat:
392 1791 589 1883 reparabilis
601 1811 737 1860 assonat
753 1795 854 1865 Eeho.
868 1829 881 1856 a

65 1898 259 1987 llaeclierent,
273 1907 301 1972 si
314 1902 458 1971 testiculi
471 1927 556 1972 vena
569 1903 638 1970 ulla
649 1910 781 1997 paterni

65 2010 169 2083 l'ireret
178 2021 211 2085 in
225 2017 342 2084 nobis?
354 2039 486 2082 summa
498 2014 655 2083 delumbe
668 2016 773 2085 salira

64 2122 116 2191 lloc
125 2147 208 2197 natat
219 2133 254 2197 in
266 2128 385 2211 labris,
399 2144 431 2195 et
443 2133 477 2195 in
492 2127 558 2196 udo
569 2146 620 2197 cst
632 2131 753 2198 dianas
765 2150 798 2199 et
810 2136 924 2217 Attin,
1033 2150 1081 2200 105

62 2386 141 2446 Portas
152 2379 182 2437 in
194 2376 336 2439 humero.
354 2379 416 2456 Qui
427 2378 560 2438 voluerit
572 2400 621 2438 me
633 2379 763 2459 querelis
772 2401 984 2454 commorere,
996 2400 1081 2439 vera.-

61 2465 173 2535 effundet
189 2476 355 2558 lacrymas,
368 2497 468 2556 neque
480 2476 621 2536 dolorem
631 2479 719 2558 quasi
734 2479 874 2539 recitabit
888 2500 944 2561 per
959 2492 1080 2537 troctcrn

61 2576 204 2634 accuratius
216 2576 434 2657 compositum.

88 2686 125 2744 92·
138 2672 220 2732 Mon.
235 2674 272 2730 At
281 2674 365 2731 enim
380 2694 497 2745 versus,
510 2675 564 2753 qui
576 2675 661 2755 prius
673 2686 759 2734 eraut
773 2675 923 2757 incompti
935 2688 965 2734 et
977 2674 1081 2747 rudes,

59 2756 144 2828 tletare
154 2783 184 2829 et
195 2772 405 2830 concinnitate
421 2792 503 2831 nova
519 2793 604 2831 nunc
621 2786 782 2832 ornantur.
801 2806 842 2817 —-
858 2776 945 2834 Pena.
965 2771 1081 2833 Scilicet

58 2878 138 2928 recens
150 2871 309 2929 inventum
323 2884 366 2929 est
378 2867 503 2950 bujnsce
515 2870 600 2931 modi
612 2892 715 2931 versus
726 2872 858 2953 fingere:

477 3006 483 3018 .
494 3008 499 3018 .
510 2967 730 3039 ..berecynthius
742 2970 831 3032 attin,

174 3046 208 3098 Et
223 3049 269 3116 qni
283 3046 422 3099 caeruleum
435 3048 574 3101 dirimebat
589 3051 672 3101 Nerea
685 3048 818 3120 Delplrin·¹

175 3125 217 3177 Sic
231 3140 332 3177 costam
345 3126 426 3197 longo
441 3127 612 3180 subduximus
625 3131 774 3200 Apennino.

52 3205 166 3271 Carmen
179 3212 405 3293 virgilianum,
422 3236 484 3295 prae
497 3216 579 3288 istis,
595 3237 702 3275 nonne
713 3236 758 3274 res
770 3226 814 3274 est
826 3214 894 3273 vilis
906 3228 940 3273 ut
954 3234 1082 3295 spuma,

50 3305 160 3388 pinguis
178 3322 213 3368 ut
231 3329 347 3367 crassus
365 3310 485 3369 cortex?
503 3313 603 3370 Immo
621 3312 712 3370 etiam
726 3311 795 3370 vilis
812 3325 846 3370 ut
862 3311 970 3370 vetusti
989 3310 1082 3385 rami,

49 3404 195 3489 inquibus
209 3408 407 3467 exstatsuber
425 3409 612 3489 praegrandis
632 3408 695 3469 sole
710 3425 740 3469 et
755 3425 894 3492 tempore
909 3422 1081 3470 concoctos.

48 3502 119 3580 Quid
131 3521 234 3566 autem
247 3519 290 3564 est
303 3505 396 3565 molle
412 3528 447 3565 ac
463 3505 645 3565 delicatum?
656 3508 739 3584 Quid
756 3507 897 3589 estquod
913 3509 1017 3568 recites
1031 3529 1081 3567 su-

47 3603 128 3682 pinus
139 3619 169 3666 et
181 3606 297 3665 cervice
308 3603 452 3665 blandius
464 3603 590 3685 rejecta?
603 3606 677 3665 llaec
689 3628 800 3689 nempe
812 3609 965 3667 carmina:

176 3707 263 3756 Torva
275 3704 449 3756 Mimalloneis
461 3703 600 3776 implerunt
613 3723 712 3757 cornua
724 3705 844 3773 bombis,

177 3786 209 3834 Et
223 3798 326 3856 raptum
337 3786 419 3837 vitulo
430 3799 511 3857 eaput
521 3784 640 3837 ablatura
653 3787 767 3858 superbo

177 3867 305 3927 bassaris,
318 3879 344 3917 et
356 3865 457 3938 lyncem
469 3866 568 3917 Maenas
580 3867 676 3918 flexura
692 3868 841 3941 corymbis,

177 3949 262 3999 Evion
274 3949 430 4016 ingeminat3
445 3947 599 4019 reparabilis
611 3962 718 4000 assonat
730 3950 812 4002 Echo.

49 4031 88 4091 An
98 4033 195 4094 simile
207 4033 377 4114 quidquam
389 4036 585 4109 scriberetur,
597 4037 622 4095 si
635 4036 711 4117 quid
724 4036 951 4115 retinuissemus
963 4034 1081 4113 paterni

50 4129 171 4210 vigoris?
181 4133 223 4191 lli
235 4153 337 4193 versus
351 4133 438 4195 fracti
450 4147 481 4195 et
491 4134 628 4195 elumbes
638 4136 766 4196 summis
774 4133 870 4193 labris
880 4131 1082 4191 innascuntur
