2588 5176
216 835 257 913 4ο
385 826 540 892 VARIAE
562 824 833 890 LECTIONES
857 826 919 889 ET
942 824 1077 891 NOTAE

212 957 286 1029 quasi
298 955 361 1006 citro
376 952 510 1023 dialogum
522 952 595 1023 poni.
616 980 652 991 -
678 948 755 1001 Uncis
767 948 871 1001 naribus
882 968 931 1020 pro
944 950 1020 1014 risui,
1035 949 1256 1020 subsannationi,

211 1038 304 1088 satiro.
317 1036 399 1086 Nares
412 1032 500 1084 soluto
513 1033 565 1081 risu
578 1028 770 1082 contrahuntur
782 1040 808 1079 et
822 1030 1004 1091 incurvantur;
1017 1028 1088 1080 unde
1102 1032 1257 1102 suspendere

212 1135 273 1169 noso
282 1114 384 1166 adunco
394 1126 420 1164 et
430 1109 565 1183 indoiqere
576 1110 649 1163 rancis
660 1107 766 1161 naribus
775 1126 824 1179 pro
835 1107 933 1173 ridere,
945 1106 1073 1161 deridere.

245 1225 313 1276 Nor.
327 1221 420 1289 i¹ri2·
429 1217 579 1289 Aneritqui
587 1216 752 1269 veiierectoet
761 1213 893 1288 Ospopoii
901 1214 1153 1269 meruisse-Velie
1161 1231 1258 1270 recum

209 1303 305 1354 fortius
316 1300 457 1368 veriusque
470 1315 548 1368 quam
559 1296 633 1347 nolit.
643 1326 679 1336 -—
692 1295 726 1347 Os
735 1292 843 1367 popuii,
855 1296 951 1346 famam
964 1310 990 1348 et
1002 1294 1093 1347 laudes
1104 1294 1256 1349 hominum,

210 1382 251 1434 sic
267 1382 363 1443 ferme,
377 1380 448 1448 Virg.
468 1377 564 1448 Georg.
577 1377 626 1442 ΙΙΙ,
640 1392 657 1444 9
671 1396 677 1425 :
700 1374 814 1429 «Vtrum
829 1374 937 1426 volitare
947 1393 995 1447 per
1008 1392 1062 1426 oro.
1072 1399 1083 1420 ι
1100 1374 1143 1427 Sic
1156 1394 1257 1447 graece,

210 1460 270 1512 mio·
280 1444 323 1509 tri
333 1453 448 1522 oriporor
461 1448 528 1508 isser.

245 1565 314 1615 Nor.
334 1562 377 1628 42.
389 1561 508 1614 Eteedro
515 1559 595 1633 diqno
604 1557 711 1610 locutus.
721 1587 756 1597 -
768 1557 861 1624 Cedro,
873 1576 921 1628 pro
934 1557 994 1610 oleo
1006 1558 1109 1610 cedrino
1122 1561 1257 1629 positum

211 1658 237 1697 et
248 1642 322 1696 cedro
331 1641 480 1715 diqnosunt
488 1640 566 1712 digna
579 1656 637 1708 qure
648 1651 793 1701 serventur,
802 1637 880 1707 digna
890 1639 1093 1690 immortalitate.
1105 1640 1209 1691 Vitruv.
1221 1642 1258 1706 ΙΙ,

209 1741 235 1793 9.
254 1725 315 1775 «Ex
324 1723 397 1774 cedro
407 1720 510 1785 oieum,
526 1717 598 1789 quod
607 1718 739 1769 cedrinum
756 1716 860 1783 dicitnr,
872 1721 997 1782 noscitur,
1011 1736 1063 1788 qno
1076 1716 1185 1787 reiiquae
1199 1738 1256 1787 tes,

210 1820 293 1874 quum
304 1814 366 1853 sunt
377 1812 477 1865 uncte,
487 1812 517 1850 ut
528 1799 607 1850 etiam
616 1796 689 1862 libri,
699 1815 714 1848 a
724 1798 800 1850 tineis
813 1809 839 1848 et
849 1816 864 1849 a
874 1801 943 1849 carie
952 1816 1006 1850 non
1017 1796 1179 1849 iniuntur.-
1192 1801 1255 1851 Hor.

210 1885 238 1935 in
249 1884 327 1949 Arte,
339 1881 390 1933 332
401 1897 458 1951 sqq.

540 1958 690 2013 ...Speremus
696 1956 794 1999 turmine
802 1955 853 2012 fingi

410 2027 472 2069 Posse
480 2023 567 2067 linenda
573 2024 651 2072 cedro,
660 2033 682 2067 rt
689 2023 734 2067 ieri
742 2023 847 2065 sorrsndn
854 2029 968 2079 cupressot

210 2101 287 2156 Unde
297 2101 381 2173 liquet
390 2119 445 2153 nou
457 2098 544 2152 oleum
557 2110 674 2165 tontum,
686 2097 733 2150 sed
743 2110 768 2149 et
779 2115 871 2169 ospsat
886 2118 917 2149 ex
930 2099 961 2150 iis
973 2096 1049 2166 lignis
1062 2098 1145 2151 fuisse
1156 2100 1254 2167 factos,

209 2184 237 2234 in
248 2180 344 2253 quibus
354 2179 427 2231 libris
438 2190 641 2230 asservsrentur.

245 2288 313 2339 Nor.
324 2286 367 2352 43.
378 2285 506 2357 Linquere
516 2301 562 2336 nec
571 2283 697 2336 scombros
705 2285 846 2335 metuentia
855 2283 985 2348 earmina,
996 2300 1043 2335 nee
1053 2282 1118 2335 thus.
1127 2285 1253 2337 -Scom

210 2368 261 2433 ber,
275 2368 356 2437 piscis
365 2366 490 2418 marinus.
503 2363 568 2415 Piin.
577 2366 640 2432 maj.
651 2364 683 2415 H.
696 2363 730 2413 N.
740 2364 839 2429 XXXI,
849 2382 870 2414 s.
880 2362 1057 2429 43.-Τ1ιιις,
1070 2381 1124 2432 quo
1135 2364 1169 2416 ad
1180 2383 1254 2416 saera

211 2459 237 2497 et
249 2444 283 2497 ad
293 2445 356 2496 elias
365 2463 407 2496 res
418 2444 569 2496 utebantur.
581 2442 645 2494 steti
657 2455 702 2494 aut
712 2446 806 2494 vetusti
818 2443 879 2494 libri
888 2441 922 2494 sd
934 2461 980 2494 eos
990 2442 1201 2515 'recidebantqui
1210 2463 1252 2496 ets

212 2542 311 2576 merces
322 2522 486 2588 vendebant,
498 2520 722 2593 quemadmodum
734 2523 813 2575 etiam
827 2516 897 2574 nunc
910 2522 966 2573 fieri
974 2521 1050 2575 solet.
1065 2522 1162 2575 Catuli.
1176 2525 1253 2589 XCV,

212 2603 242 2665 8;
255 2600 369 2654 Martini·
380 2602 430 2669 ill,
444 2601 501 2669 t,3
516 2619 578 2672 sqq;
590 2603 634 2668 IV,
647 2602 690 2671 87,
703 2603 728 2654 8.

246 2712 315 2763 Nor.
334 2710 386 2777 44,
399 2709 442 2780 69.
459 2712 535 2777 Jsm,
555 2699 661 2762 remota'
671 2713 769 2775 ironis,
785 2708 882 2762 Noster
894 2722 1007 2763 mentem
1021 2728 1095 2764 suam
1112 2713 1212 2782 aperit3
1226 2731 1254 2764 se

211 2790 296 2845 laudis
315 2791 421 2862 quidem
439 2791 556 2844 studium
574 2810 628 2843 nou
643 2790 807 2862 improbare,
824 2790 870 2843 sed
884 2809 980 2861 negare
998 2792 1111 2842 carmina
1129 2790 1164 2842 sd
1179 2810 1254 2844 aures

210 2870 349 2924 hominum
357 2886 495 2944 corruptas
503 2888 559 2924 esse
567 2864 707 2949 exigenda,
719 2884 745 2923 et
757 2869 877 2936 laudem,
893 2889 949 2943 que
961 2871 994 2922 sit
1004 2871 1088 2942 epuiis
1098 2870 1189 2923 aliisve
1198 2892 1255 2924 mu·

56 2966 59 2973 ·
158 2956 161 2961 ’
211 2951 328 3004 nusculis
340 2965 477 3022 coempta,
486 2970 581 3003 ranem
594 2952 659 3015 esse.
668 2953 742 3001 'Vera
754 2953 835 3002 virtus
848 2964 887 3003 est
900 2969 957 3002 esse
967 2949 1081 3014 bonum,
1095 2969 1151 3003 nou
1162 2952 1254 3005 rideri.

214 3031 328 3101 AEqusiis
342 3035 398 3101 ejus
409 3030 507 3082 Seneca
518 3026 605 3102 Epist.
618 3047 683 3094 102,
696 3029 816 3082 observat
829 3028 892 3081 nihii
905 3048 979 3102 teque
990 3030 1167 3101 eloquentium
1178 3047 1256 3085 cete·

212 3129 294 3181 raque
305 3110 333 3162 id
342 3129 425 3181 genus
438 3110 524 3162 studia
535 3113 701 3181 corrupisse,
714 3128 792 3181 quan
807 3109 901 3183 popuii
910 3129 1053 3163 assensum.

246 3218 315 3269 Nor.
334 3217 377 3283 44.
394 3218 513 3290 Quisquis
523 3238 560 3282 es,
576 3238 591 3270 o
605 3217 683 3270 modo
694 3234 770 3290 ouem
783 3236 816 3269 ex
825 3220 930 3271 adverso
942 3218 1095 3289 dioesefeci.
1105 3248 1142 3258 —
1150 3221 1185 3271 Hi
1195 3235 1257 3274 suut

211 3315 317 3363 versus,
329 3296 424 3367 quibus
434 3298 528 3369 Koenip
540 3297 635 3369 aliique
645 3297 758 3350 editores
769 3298 951 3364 offenduntur,
963 3312 991 3349 ut
1002 3297 1116 3368 indignis
1128 3302 1218 3353 Persio
1230 3314 1258 3353 et

212 3375 246 3428 ad
258 3388 377 3427 suturam
386 3378 523 3446 oppositis.
536 3378 626 3448 Longe
635 3377 710 3429 aliter
719 3397 782 3430 vero
794 3397 847 3430 non
860 3397 968 3450 possum
979 3396 1032 3429 non
1044 3380 1155 3443 sentire,
1167 3382 1190 3431 si
1200 3400 1257 3432 mo-

213 3455 248 3507 do
261 3454 295 3506 sd
304 3473 362 3506 eam
372 3454 469 3524 dialogi
479 3456 590 3506 formem
602 3455 728 3510 reflexero
737 3457 840 3522 oeulos,
851 3477 928 3528 quam
940 3460 1040 3509 Persius
1049 3458 1172 3509 consulto
1183 3462 1257 3511 insti-

212 3536 270 3586 tuit.
285 3535 351 3601 Quae
362 3535 447 3584 forma
459 3532 492 3583 sd
502 3535 689 3604 proponendos
699 3536 862 3606 objectiones
870 3537 1035 3589 commodior
1045 3536 1085 3587 vei
1095 3539 1257 3603 instituitur,

211 3613 253 3665 rei
268 3615 398 3664 omittitur
410 3614 526 3677 auctori,
540 3627 619 3681 prout
633 3633 740 3666 neeesse
754 3631 802 3668 est.
817 3619 865 3668 iiie
880 3618 963 3666 omitti
973 3628 1063 3667 monet
1075 3618 1194 3669 Persius:
1209 3618 1256 3670 sed

213 3694 376 3763 stepesaepins
398 3710 432 3742 sn
452 3692 586 3757 omiserit,
608 3706 654 3743 sut
670 3695 774 3764 quinum
792 3691 915 3764 loquetur
930 3712 1037 3747 monere
1052 3714 1147 3766 parunt
1164 3712 1256 3750 eiurat:

213 3770 276 3822 hine
289 3790 339 3823 nos
352 3772 421 3822 circa
432 3788 559 3841 personas
571 3771 721 3842 dialogique
731 3775 801 3825 sices
814 3792 954 3845 operantur
966 3776 1120 3846 interpretes
1132 3795 1165 3828 so
1175 3778 1258 3830 desu-

214 3850 317 3904 damus.

247 3958 316 4008 Nor.
336 3956 379 4024 45.
390 3956 451 4007 Non
461 3975 521 4029 eqo,
532 3975 614 4029 quum
623 3960 719 4025 scribo,
728 3959 828 4030 sisorte
837 3960 903 4031 quid
911 3962 998 4033 aptius
1006 3962 1066 4012 exit.
1077 3990 1113 4001 -
1122 3960 1200 4030 Exit,
1209 3966 1258 4016 sei·

212 4038 273 4090 licet
282 4057 314 4089 ex
325 4039 439 4107 ingenio.
456 4039 513 4088 Vox
526 4037 560 4088 ab
572 4053 628 4090 arte
639 4039 725 4110 fiiigns
738 4041 808 4091 forte
822 4039 962 4107 translatu,
977 4041 1085 4111 (Horat.
1095 4043 1126 4092 A.
1134 4061 1162 4113 p.
1171 4063 1196 4094 v.
1209 4043 1257 4113 αι)

211 4116 315 4169 videtur
333 4116 366 4168 ad
385 4118 482 4186 ingenii
499 4136 580 4189 opera
601 4132 626 4169 et
645 4121 862 4189 compositionem
882 4121 963 4172 fuisse
982 4134 1144 4172 consecrata.
1163 4124 1257 4191 Quint.

211 4198 273 4248 inst.
290 4198 363 4249 Orat.
377 4196 422 4247 lib.
440 4198 501 4262 xli,
516 4197 561 4248 ubi
576 4197 609 4248 de
625 4201 713 4251 Attico
730 4217 827 4269 genere
841 4217 871 4249 ac
886 4199 919 4250 de
934 4198 1113 4251 Demosthene
1127 4199 1256 4270 loquitur.

215 4277 298 4329 tEtti
311 4276 374 4349 quid
383 4278 471 4329 exierit
481 4280 596 4329 numeris
605 4281 692 4352 aptius
701 4279 828 4347 (fortusse
838 4297 891 4329 non
904 4279 1002 4350 possit)
1012 4279 1054 4332 sed
1065 4289 1152 4331 tamen
1161 4282 1184 4332 π’
1194 4280 1260 4353 quid

212 4356 315 4423 exierit,
327 4376 382 4411 non
394 4360 442 4410 erit
454 4359 606 4409 Atticum?-

245 4530 304 4576 Vts.
320 4531 358 4588 46.
369 4535 478 4594 (Quando
492 4534 539 4580 hoec
554 4550 607 4580 mro
619 4537 667 4581 ovis
678 4533 728 4594 est)
744 4536 765 4579 ri
776 4536 832 4599 quisi
844 4540 1001 4599 tomenaptius
1009 4538 1062 4582 exit.
1078 4559 1110 4571 -·
1123 4535 1178 4581 Non
1186 4534 1259 4583 habet
