2624 5182
136 445 176 488 12
455 436 490 496 A.
516 432 674 497 PEBSll
700 434 868 498 FLACCl

135 553 202 617 Nec
213 549 371 643 pluteum
383 556 498 641 caedit,
512 584 574 628 nec
585 558 759 627 demorsos
773 564 859 653 sapit
869 562 1010 655 ungues.

178 701 225 712 -
236 663 300 732 Sed
313 668 397 760 quid
409 693 496 763 opus
508 687 640 740 teneras
652 671 801 739 mordaci
814 673 932 742 radere
943 701 1023 744 vero

135 773 329 844 auriculas?
339 781 432 865 vide,
446 793 506 867 sis,
520 808 562 851 ne
574 781 742 876 majorum
755 783 814 851 tibi
826 784 912 853 forte

133 888 264 956 Limina
275 889 476 984 frigescant:
489 913 587 964 sonat
598 896 654 963 hic
666 895 708 963 de
719 916 801 962 nare
813 901 933 964 canina

134 1003 271 1067 Littera.
282 1040 330 1054 -
342 1010 406 1074 Per
417 1033 472 1077 me
485 1009 641 1105 equidem
654 1012 721 1078 sint
733 1012 845 1077 omnia
857 1012 1010 1103 protinus
1023 1013 1115 1082 alba:
1137 1045 1192 1082 rra

137 1109 191 1178 Nil
201 1136 325 1182 moror.
339 1120 447 1211 Euge,
461 1145 595 1205 omnes,
608 1143 726 1188 omnes
739 1120 825 1188 bene
836 1123 931 1188 mirae
943 1125 1034 1190 eritis
1047 1149 1113 1193 res.

136 1229 208 1292 Hoc
216 1221 331 1316 juvat,
344 1233 424 1315 Hic,
436 1235 565 1329 inquis,
578 1249 654 1300 veto
667 1233 846 1326 quisquam
860 1233 940 1299 faxit
952 1233 1091 1303 oletum.

135 1339 237 1429 Pinge
249 1337 336 1407 duos
348 1365 476 1435 angues
488 1370 495 1410 :
508 1347 619 1437 pueri,
632 1366 727 1409 sacer
738 1357 789 1409 est
802 1341 909 1426 locus,
922 1361 1016 1413 extra

136 1446 263 1542 Mejite:
278 1450 424 1522 discedo.
472 1459 582 1525 Secnit
593 1453 742 1522 Lucilius
756 1454 891 1535 urbem,

134 1566 543 1656 Te‚Lupe;te,Mutl;et
556 1569 742 1660 genuinum
754 1566 853 1658 fregit
864 1570 899 1633 in
912 1565 988 1635 illis.
1138 1584 1188 1638 ιι5

134 1678 244 1743 Omne
255 1677 350 1746 vafer
360 1681 480 1748 vitium
493 1680 614 1748 ridenti
627 1678 765 1747 Flaccus
777 1681 886 1747 amico

134 1790 272 1880 'l'angit‚
286 1806 319 1857 et
330 1790 498 1860 admissus
511 1797 638 1860 circum
650 1791 836 1884 praecordia
847 1788 947 1871 ludit,

134 1899 283 1967 Callidus
297 1925 437 1971 excusso
449 1902 614 1995 populum
627 1901 835 1994 suspendere
847 1924 948 1969 naso:

127 2022 229 2118 baliva
246 2059 459 2132 madentibus3
473 2073 504 2120 et
513 2063 632 2120 Moenus
645 2075 675 2120 et
686 2061 771 2120 Attin
786 2061 818 2119 in
833 2059 896 2119 udo
912 2075 1000 2135 sunt,
1017 2073 1050 2119 ut
1061 2064 1106 2122 uit
1116 2086 1188 2145 pro-

136 2154 279 2231 corbium,
296 2176 352 2219 nec
370 2170 443 2218 sunt
459 2178 537 2240 opus
550 2172 649 2240 poeta
661 2158 792 2217 abacum
807 2179 871 2240 pra
883 2179 957 2218 cura
968 2172 998 2218 et
1012 2159 1123 2222 ardore
1136 2164 1188 2223 in·

108 2310 111 2314 ,
136 2254 315 2336 fringentis,
330 2268 384 2315 aut
395 2277 513 2336 ungues
525 2256 564 2316 ad
576 2257 683 2315 vivum
696 2256 877 2316 mordentis.

179 2373 244 2434 ¹⁰7·
257 2354 342 2415 Mon.
355 2357 393 2412 At
406 2374 480 2415 vero
496 2353 578 2429 haec,
590 2355 688 2428 Persi,
703 2368 738 2413 ut
749 2375 822 2412 vera
833 2354 908 2427 sint,
921 2353 997 2433 quid
1009 2375 1130 2416 necesse
1142 2373 1190 2419 est

134 2465 169 2512 tu
185 2449 375 2532 profitearis,
392 2465 424 2511 et
441 2450 617 2534 profitendo
636 2472 724 2513 aures
743 2451 887 2512 delicatas
905 2465 935 2512 et
953 2452 1062 2513 molles
1082 2455 1189 2516 offen·

133 2545 206 2605 das?
224 2548 320 2622 Cave,
334 2568 453 2627 quaeso,
472 2570 512 2607 ne
528 2548 607 2609 male
624 2551 784 2630 excipiaris
803 2551 843 2614 in.
854 2547 963 2610 limine
977 2550 1187 2632 palatiorum

135 2662 270 2723 namque
281 2642 315 2701 in
326 2640 385 2702 bac
396 2644 486 2702 satira
499 2658 552 2703 tua
565 2643 664 2705 multa
674 2658 801 2719 sonant,
814 2645 848 2704 in
861 2645 990 2705 modum
1003 2668 1117 2706 canum
1130 2652 1187 2731 qui

134 2735 281 2798 hirriunt.
293 2770 332 2782 -
344 2738 433 2797 Peos.
446 2740 525 2821 Erpo
537 2743 657 2803 satiram
667 2739 836 2802 adtdatiortc
847 2756 943 2817 muto,
957 2764 1030 2825 ergo
1045 2743 1116 2804 licet
1132 2768 1189 2828 per

134 2856 197 2910 me,
208 2848 243 2894 ut
252 2838 360 2895 omnia
372 2838 503 2897 omnino
513 2836 644 2920 jamjam
653 2840 714 2898 sint
723 2839 817 2900 bona.
830 2843 857 2900 N
860 2840 924 2902 ulla
930 2861 1020 2902 mora
1026 2856 1070 2903 est
1080 2845 1114 2904 in
1125 2867 1186 2906 me.

136 2937 219 3015 Agite
238 2934 330 3007 dum;
351 2956 474 3012 omnes,
494 2958 601 2998 omnes
619 2958 667 2997 res
682 2938 771 2998 valde
789 2940 873 2999 eritis
892 2939 1093 3000 admirande.
1112 2944 1186 3003 Tibi

133 3032 232 3115 placet
244 3031 304 3092 hoc
316 3054 411 3116 opus;
428 3048 458 3095 et
471 3049 556 3114 veto,
570 3039 690 3119 inquis,
711 3058 749 3097 ne
766 3039 931 3119 quisquam
945 3038 1022 3098 illud
1042 3040 1186 3122 polluat,

134 3133 350 3215 nequisquam
363 3132 414 3194 hic
426 3146 564 3196 ventrem
578 3135 742 3198 exoneret?
755 3138 837 3217 Ergo
853 3139 947 3219 pinge
962 3137 1041 3198 duos
1053 3160 1186 3221 angues,

134 3235 188 3314 qui
201 3221 340 3293 indicent
352 3254 472 3294 sacrum
480 3234 633 3296 essebunc
643 3235 761 3311 locum,
773 3238 826 3317 qui
836 3250 983 3296 moneant
992 3250 1185 3300 transeuntes

133 3332 178 3390 uti
191 3330 302 3412 procul
316 3331 459 3413 mingant
473 3356 479 3390 :
495 3331 561 3414 jam
573 3355 630 3414 ego
645 3333 754 3393 recedo
770 3354 834 3415 prae
848 3336 1027 3395 reverentia,
1044 3335 1185 3398 Lucilius

133 3429 239 3490 satiras
253 3430 389 3510 scripsit,
404 3431 518 3511 quibus
532 3433 611 3491 cives
626 3450 732 3490 omnes
747 3430 872 3504 cecidit3
887 3430 997 3490 cecidit
1011 3454 1081 3506 vos,
1096 3435 1184 3517 Lupe

133 3542 163 3588 et
174 3527 253 3588 Mutl
262 3572 270 3602 ,
278 3529 401 3613 famosa
413 3532 444 3588 in
455 3532 516 3609 ejus
527 3527 657 3611 operibus
668 3531 809 3604 nominc3
823 3543 915 3610 atque
928 3530 960 3588 in
972 3528 1032 3589 illis
1042 3528 1184 3592 bomini·

132 3625 191 3684 bus
205 3624 309 3684 dentes
322 3627 409 3706 quasi
426 3623 519 3706 fregit
535 3627 706 3707 impactos:
726 3627 874 3687 Horatius
884 3626 1017 3687 vicissim
1029 3627 1184 3690 malitiose

134 3724 301 3804 inquiritet
310 3725 411 3805 tangit
417 3725 528 3782 vitium
537 3721 755 3805 quodcumque
766 3725 872 3784 amicis
884 3724 1070 3802 ridentibus,
1083 3747 1183 3809 neque

133 3822 350 3897 irascentibus,
366 3833 565 3904 penetratque
575 3820 685 3882 ludens
701 3836 730 3882 et
746 3835 858 3882 reserat
870 3823 997 3882 intimos
1009 3843 1113 3884 sensus
1125 3822 1183 3885 bo·

133 3919 272 3994 minum,
289 3920 362 4001 ipsis
377 3919 463 4000 quasi
478 3916 668 3993 volentibus,
683 3920 731 3978 vir
744 3918 864 3990 felicior
880 3920 913 3977 in
929 3919 1087 3980 irridenda
1102 3920 1181 3980 mul·

132 4015 264 4078 titudine
277 4039 284 4076 :
299 4015 420 4076 Mihine
431 4014 554 4098 piaculo
571 4028 705 4076 vertetur
720 4030 751 4076 et
768 4014 886 4090 sceleri,
904 4016 929 4075 si
948 4017 1039 4075 tacite
1056 4017 1183 4076 immur-

132 4132 270 4187 murem,
293 4113 318 4173 si
340 4113 375 4172 in
397 4124 528 4189 semeto,
551 4113 577 4173 si
596 4132 684 4174 more
704 4111 905 4196 deprimentis
925 4113 1046 4173 scrobes
1065 4114 1099 4171 in
1120 4126 1181 4174 ter·
