2588 5176
377 124 386 127 -
395 121 765 129 ..m—-ffl-
774 120 925 127 --.—----.
932 122 940 125 ..

344 137 530 145 .>--0—--.....
1040 134 1146 140 ..n-“⁴

586 306 803 380 Sil'l'lllll]
833 307 1020 377 Pltlllffl

655 507 949 562 auouussuuuu.

319 697 431 756 Eversa
454 686 752 779 veterillepublica,
773 694 912 778 plerique
933 694 1147 753 Rornanorum
1166 692 1274 753 litteris

280 793 452 875 scripturae,
464 815 534 877 quoe
544 796 630 877 prius
639 808 728 855 erant
737 812 926 875 paucorum,
936 811 1000 850 sese
1008 788 1213 851 tradiderunt.
1224 790 1270 851 Eo

279 891 365 951 brevi
376 890 514 968 devenit,
524 907 572 969 ut,
585 893 810 976 imperantibus
822 890 954 952 Claudio
967 911 1002 950 ac
1014 890 1151 964 Nerone,
1169 889 1283 973 scripto

280 986 395 1049 famam
407 1007 637 1073 aucuparentur
645 994 779 1072 Equites,
787 994 901 1061 Patres,
912 989 1033 1071 ipsique
1042 989 1263 1069 Principeszve
1282 1033 1285 1039 ·

279 1087 418 1170 undique
428 1103 457 1149 et
468 1089 716 1151 declamationes.
729 1091 811 1150 lline
823 1088 1019 1148 recitantium
1030 1099 1125 1147 coetus
1140 1106 1241 1169 prope
1251 1106 1291 1170 qu

279 1185 407 1260 tidiani3
422 1186 495 1250 hinc
511 1190 609 1271 pretio
625 1189 771 1251 conducti
787 1187 957 1260 auditores,
974 1183 1047 1246 binc
1063 1185 1177 1268 ineptae
1190 1183 1273 1245 adm‘
1289 1213 1290 1216 ¹

279 1284 382 1345 tiones
400 1299 430 1346 et
455 1286 649 1348 adulationes
668 1286 842 1371 pudendus:
863 1284 937 1345 binc
956 1284 1089 1364 denique
1109 1282 1277 1358 orationis,

280 1401 421 1461 poeseos,
435 1397 465 1444 et
476 1385 570 1465 ipsius
582 1384 697 1466 linguar
708 1405 842 1468 praeceps
853 1379 1037 1463 corruptela.

319 1479 392 1540 llaec
409 1494 481 1540 sunt
493 1481 661 1562 aequalium
677 1483 767 1556 vitia,
784 1502 853 1562 quoe
872 1479 992 1540 Persius
1011 1481 1044 1537 in
1063 1478 1162 1558 prima
1175 1477 1294 1538 eorrim

280 1576 428 1650 instituit3
447 1579 613 1659 periculose
631 1579 749 1662 plenum
768 1600 840 1662 opus
859 1576 939 1638 ateoe.
962 1577 1038 1650 Cui,
1060 1595 1123 1655 quo
1143 1575 1250 1635 minus
1270 1572 1290 1634 b

279 1672 364 1732 beret
376 1673 574 1752 offensionis,
587 1675 720 1737 formam
734 1677 836 1738 induit
847 1674 1016 1758 quamdam
1028 1671 1275 1748 deliberationis,
1291 1703 1293 1709 >

279 1770 440 1830 scribenda
459 1773 497 1832 sit
514 1776 622 1849 satira,
643 1776 760 1835 necne?
776 1776 867 1856 atque
880 1771 945 1855 ejus
959 1770 1189 1832 deliberationis
1201 1768 1278 1831 dial
1291 1801 1294 1842 ;

279 1888 426 1950 personas
447 1874 592 1954 apposuit
612 1873 731 1949 nullas,
752 1888 904 1954 tauquam
922 1869 995 1932 velit
1013 1871 1046 1929 in
1066 1869 1216 1949 ambiguo
1235 1867 1286 1929 rel'

279 1987 387 2048 quere,
397 1969 526 2048 quinam
536 1970 714 2050 loquantur.
728 1971 887 2033 interdum
898 1971 990 2030 edam
1001 1963 1273 2039 resetnomiuabo
1282 1997 1294 2017 ιι

279 2084 371 2141 num,
384 2068 514 2128 Neronis
526 2071 710 2152 praesertim,
723 2071 823 2130 verbis
835 2068 1004 2150 figurisque
1014 2063 1229 2126 dissimulavit.
1251 2071 1264 2117 l
1281 2091 1283 2105 ·

279 2162 404 2244 quidem
413 2169 594 2229 necessarias
602 2183 680 2230 artes
689 2171 743 2230 etsi
751 2166 1032 2251 quaesiissevidetur
1041 2163 1253 2239 Persius,con
1267 2192 1280 2213 v:

278 2259 340 2320 tior
355 2274 459 2323 tamea
472 2263 537 2347 ejus
549 2269 649 2328 oratio
661 2290 757 2348 quam
771 2268 927 2341 callidior,
944 2263 1045 2347 qualis
1058 2283 1120 2323 esse
1133 2260 1241 2322 debuit
1254 2259 1291 2322 ad

280 2355 431 2434 lescentis,
445 2377 475 2421 et
488 2365 592 2438 stoici,
606 2379 637 2425 et
649 2379 749 2449 poetar
763 2379 903 2447 tempora
916 2363 1066 2425 cernentis
1083 2361 1129 2421 uti
1144 2358 1273 2421 virtutib

280 2452 320 2512 sic
333 2470 362 2513 et
375 2456 481 2518 litteris
494 2460 612 2522 infesta.

748 2613 853 2626 μ

586 2751 804 2829 SATIRAE
832 2750 1022 2827 PRllllAE

704 2928 898 2983 aularsrs.

319 3084 458 3144 Persium
466 3087 572 3147 satiras
580 3088 779 3149 meditantem
787 3088 888 3170 etjam
898 3087 1029 3148 seribere
1039 3103 1216 3167 aggressum
1222 3102 1273 3142 su
1287 3124 1294 3133 -

277 3181 404 3241 veniens
413 3181 524 3264 aliquis
534 3206 552 3244 a
561 3186 722 3268 proposito
733 3184 923 3245 dehortatur.
934 3181 1024 3244 Unde
1032 3182 1073 3241 sic
1082 3179 1253 3240 instituitur
1259 3177 1291 3239 di

265 3275 368 3359 lngus
380 3301 387 3336 ε
401 3298 421 3337 o
430 3279 560 3361 ineptias
570 3278 735 3342 bominum
745 3285 768 3341 l.
779 3317 850 3342 ..-
859 3282 957 3342 Nemo
968 3282 1024 3339 ista
1032 3293 1086 3338 tua
1095 3276 1183 3358 leget.
1193 3311 1232 3322 -
1241 3275 1293 3353 Qu

277 3371 338 3434 boc
357 3374 395 3435 ad
416 3374 483 3434 mel
500 3378 677 3457 quasivero
694 3398 798 3439 curem
816 3397 955 3460 perversa
968 3374 1084 3458 judicia
1100 3375 1294 3433 Romanoru

278 3472 446 3532 Censuram
458 3494 583 3554 gravem
592 3476 671 3534 cives
681 3489 852 3536 merentur:
864 3473 993 3556 defungi
1005 3472 1095 3533 liceat
1105 3471 1170 3532 vice
1180 3490 1273 3531 censo

278 3603 317 3614 —
331 3572 368 3631 At
380 3570 536 3632 uolumus.
549 3607 587 3617 -—
599 3574 637 3632 At
648 3574 712 3633 risu
723 3589 895 3657 temperare
906 3594 1041 3655 nequeo,
1056 3592 1066 3630 ι
1079 3616 1088 3646 ,
1102 3589 1147 3629 tu.

316 3668 397 3728 'l'um
404 3689 546 3730 sermone
553 3671 674 3731 satirico
683 3670 874 3731 invaduntur
881 3669 945 3752 ejus
952 3666 1173 3730 artatislittertc.
1185 3666 1290 3726 Monit

278 3766 364 3845 quasi
374 3781 570 3829 excusaturus
579 3767 712 3848 aquales
721 3771 781 3829 ait:
795 3768 974 3829 Recedimus
984 3789 1001 3826 a
1011 3765 1164 3841 tumultu,
1174 3777 1209 3824 ut
1218 3765 1290 3824 scri

277 3881 362 3924 mus.
372 3908 396 3924 ..
416 3899 447 3914 -
466 3869 507 3927 Ut
519 3887 624 3928 coram
638 3865 756 3950 populo
769 3866 846 3928 olim
859 3869 1036 3940 recitemus,
1050 3862 1174 3946 subjicit
1186 3863 1269 3924 Persi
